Transaction_ID,Date,Merchant,Category,Amount,Payment_Method,Location,Income_Expense,Account_Balance,Year,Month,Month_Name,Quarter,Day_Of_Week,Is_Weekend
100001,2023-01-01,IIT Delhi,Salary/Stipend,15836.56,Net Banking,New Delhi,Income,35836.56,2023,1,January,Q1,Sunday,1
100002,2023-01-01,IRCTC,Travel,6983.69,Net Banking,Gurugram,Expense,28852.87,2023,1,January,Q1,Sunday,1
100003,2023-01-01,Chaayos,Food & Dining,257.14,UPI,Online,Expense,28595.73,2023,1,January,Q1,Sunday,1
100004,2023-01-02,Parents,Family Support,39831.01,Net Banking,Hyderabad,Income,68426.74,2023,1,January,Q1,Monday,0
100005,2023-01-02,Uber,Transportation,218.68,UPI,Online,Expense,68208.06,2023,1,January,Q1,Monday,0
100006,2023-01-02,Swiggy,Food & Dining,325.2,Cash,Gurugram,Expense,67882.86,2023,1,January,Q1,Monday,0
100007,2023-01-03,HDFC Bank,Interest,222.52,Net Banking,Online,Income,68105.38,2023,1,January,Q1,Tuesday,0
100008,2023-01-03,Swiggy,Food & Dining,317.06,Cash,New Delhi,Expense,67788.32,2023,1,January,Q1,Tuesday,0
100009,2023-01-03,Udemy,Education,2191.2,Debit Card,Mumbai,Expense,65597.12,2023,1,January,Q1,Tuesday,0
100010,2023-01-03,Hostel Fee,Rent,5754.04,Credit Card,Online,Expense,59843.08,2023,1,January,Q1,Tuesday,0
100011,2023-01-04,Hostel Fee,Rent,5317.41,UPI,New Delhi,Expense,54525.67,2023,1,January,Q1,Wednesday,0
100012,2023-01-04,Zomato,Food & Dining,92.72,Credit Card,Mumbai,Expense,54432.95,2023,1,January,Q1,Wednesday,0
100013,2023-01-04,BSES,Bills,637.47,Debit Card,Noida,Expense,53795.48,2023,1,January,Q1,Wednesday,0
100014,2023-01-04,Ajio,Shopping,678.42,Debit Card,Online,Expense,53117.06,2023,1,January,Q1,Wednesday,0
100015,2023-01-04,Stationery,Miscellaneous,650.44,Credit Card,Noida,Expense,52466.62,2023,1,January,Q1,Wednesday,0
100016,2023-01-04,Printing Shop,Miscellaneous,226.4,Credit Card,Hyderabad,Expense,52240.22,2023,1,January,Q1,Wednesday,0
100017,2023-01-04,Airtel,Bills,719.29,Net Banking,Noida,Expense,51520.93,2023,1,January,Q1,Wednesday,0
100018,2023-01-04,Blinkit,Groceries,838.1,Credit Card,Online,Expense,50682.83,2023,1,January,Q1,Wednesday,0
100019,2023-01-05,IndiGo,Travel,4588.76,Cash,Hyderabad,Expense,46094.07,2023,1,January,Q1,Thursday,0
100020,2023-01-05,Campus Canteen,Food & Dining,170.06,Debit Card,Noida,Expense,45924.01,2023,1,January,Q1,Thursday,0
100021,2023-01-05,NPS,Investment,2227.55,UPI,Gurugram,Expense,43696.46,2023,1,January,Q1,Thursday,0
100022,2023-01-05,Airtel,Bills,262.9,Debit Card,Gurugram,Expense,43433.56,2023,1,January,Q1,Thursday,0
100023,2023-01-05,Uber,Transportation,205.51,UPI,Noida,Expense,43228.05,2023,1,January,Q1,Thursday,0
100024,2023-01-06,McDonald's,Food & Dining,276.86,Cash,Gurugram,Expense,42951.19,2023,1,January,Q1,Friday,0
100025,2023-01-06,Burger King,Food & Dining,180.96,Net Banking,New Delhi,Expense,42770.23,2023,1,January,Q1,Friday,0
100026,2023-01-06,BigBasket,Groceries,255.14,Cash,Noida,Expense,42515.09,2023,1,January,Q1,Friday,0
100027,2023-01-06,Groww,Investment,700.28,Net Banking,New Delhi,Expense,41814.81,2023,1,January,Q1,Friday,0
100028,2023-01-07,Delhi Metro,Transportation,83.91,UPI,New Delhi,Expense,41730.9,2023,1,January,Q1,Saturday,1
100029,2023-01-07,BSES,Bills,889.37,Net Banking,Online,Expense,40841.53,2023,1,January,Q1,Saturday,1
100030,2023-01-07,Gift Shop,Miscellaneous,465.81,Cash,Mumbai,Expense,40375.72,2023,1,January,Q1,Saturday,1
100031,2023-01-07,Ajio,Shopping,933.72,Net Banking,Unknown,Expense,39442.0,2023,1,January,Q1,Saturday,1
100032,2023-01-08,Gift Shop,Miscellaneous,84.37,UPI,Noida,Expense,39357.63,2023,1,January,Q1,Sunday,1
100033,2023-01-08,Udemy,Education,1178.68,Net Banking,Online,Expense,38178.95,2023,1,January,Q1,Sunday,1
100034,2023-01-08,Spotify,Entertainment,748.03,Credit Card,Online,Expense,37430.92,2023,1,January,Q1,Sunday,1
100035,2023-01-08,Udemy,Education,2188.91,Net Banking,Gurugram,Expense,35242.01,2023,1,January,Q1,Sunday,1
100036,2023-01-08,Ola,Transportation,202.93,UPI,Mumbai,Expense,35039.08,2023,1,January,Q1,Sunday,1
100037,2023-01-09,Gift Shop,Miscellaneous,285.64,Credit Card,Mumbai,Expense,34753.44,2023,1,January,Q1,Monday,0
100038,2023-01-09,Flipkart,Shopping,2074.19,UPI,Online,Expense,32679.25,2023,1,January,Q1,Monday,0
100039,2023-01-10,BookMyShow,Entertainment,338.12,Credit Card,Online,Expense,32341.13,2023,1,January,Q1,Tuesday,0
100040,2023-01-11,McDonald's,Food & Dining,88.67,Debit Card,New Delhi,Expense,32252.46,2023,1,January,Q1,Wednesday,0
100041,2023-01-11,Chaayos,Food & Dining,278.87,Cash,Mumbai,Expense,31973.59,2023,1,January,Q1,Wednesday,0
100042,2023-01-11,Delhi Metro,Transportation,238.24,UPI,Mumbai,Expense,31735.35,2023,1,January,Q1,Wednesday,0
100043,2023-01-11,DMart,Groceries,624.71,Credit Card,Mumbai,Expense,31110.64,2023,1,January,Q1,Wednesday,0
100044,2023-01-12,Delhi Metro,Transportation,102.57,UPI,Mumbai,Expense,31008.07,2023,1,January,Q1,Thursday,0
100045,2023-01-12,Unknown Merchant,Groceries,249.34,Credit Card,Gurugram,Expense,30758.73,2023,1,January,Q1,Thursday,0
100046,2023-01-12,Printing Shop,Miscellaneous,550.2,Cash,Hyderabad,Expense,30208.53,2023,1,January,Q1,Thursday,0
100047,2023-01-13,DMart,Groceries,243.62,Net Banking,Gurugram,Expense,29964.91,2023,1,January,Q1,Friday,0
100048,2023-01-13,Rapido,Transportation,34.61,Net Banking,Gurugram,Expense,29930.3,2023,1,January,Q1,Friday,0
100049,2023-01-13,DMart,Groceries,310.31,Credit Card,Online,Expense,29619.99,2023,1,January,Q1,Friday,0
100050,2023-01-14,BSES,Bills,781.32,Debit Card,Noida,Expense,28838.67,2023,1,January,Q1,Saturday,1
100051,2023-01-14,Netflix,Entertainment,486.18,UPI,New Delhi,Expense,28352.49,2023,1,January,Q1,Saturday,1
100052,2023-01-14,Ajio,Shopping,2257.05,Credit Card,Mumbai,Expense,26095.44,2023,1,January,Q1,Saturday,1
100053,2023-01-14,Uber,Transportation,144.8,Credit Card,Unknown,Expense,25950.64,2023,1,January,Q1,Saturday,1
100054,2023-01-15,Myntra,Shopping,1105.28,Credit Card,Gurugram,Expense,24845.36,2023,1,January,Q1,Sunday,1
100055,2023-01-15,Printing Shop,Miscellaneous,398.74,Credit Card,Hyderabad,Expense,24446.62,2023,1,January,Q1,Sunday,1
100056,2023-01-15,DMart,Groceries,329.43,Debit Card,Noida,Expense,24117.19,2023,1,January,Q1,Sunday,1
100057,2023-01-17,Unknown Merchant,Bills,581.91,UPI,Noida,Expense,23535.28,2023,1,January,Q1,Tuesday,0
100058,2023-01-18,IndiGo,Travel,5372.0,Debit Card,New Delhi,Expense,18163.28,2023,1,January,Q1,Wednesday,0
100059,2023-01-18,Domino's,Food & Dining,281.15,Net Banking,Online,Expense,17882.13,2023,1,January,Q1,Wednesday,0
100060,2023-01-18,Delhi Metro,Transportation,120.78,Net Banking,Mumbai,Expense,17761.35,2023,1,January,Q1,Wednesday,0
100061,2023-01-18,BigBasket,Groceries,650.9,UPI,Noida,Expense,17110.45,2023,1,January,Q1,Wednesday,0
100062,2023-01-18,Uber,Transportation,93.53,Credit Card,Noida,Expense,17016.92,2023,1,January,Q1,Wednesday,0
100063,2023-01-19,Burger King,Food & Dining,171.28,Credit Card,Hyderabad,Expense,16845.64,2023,1,January,Q1,Thursday,0
100064,2023-01-19,Uber,Transportation,242.8,Debit Card,New Delhi,Expense,16602.84,2023,1,January,Q1,Thursday,0
100065,2023-01-19,LeetCode,Education,874.67,UPI,New Delhi,Expense,15728.17,2023,1,January,Q1,Thursday,0
100066,2023-01-19,IndiGo,Travel,1544.21,Debit Card,New Delhi,Expense,14183.96,2023,1,January,Q1,Thursday,0
100067,2023-01-19,PVR Cinemas,Entertainment,221.82,Net Banking,Hyderabad,Expense,13962.14,2023,1,January,Q1,Thursday,0
100068,2023-01-20,Google Pay Rewards,Cashback,188.57,UPI,Hyderabad,Income,14150.71,2023,1,January,Q1,Friday,0
100069,2023-01-20,McDonald's,Food & Dining,222.47,Credit Card,Hyderabad,Expense,13928.24,2023,1,January,Q1,Friday,0
100070,2023-01-20,Gift Shop,Miscellaneous,790.92,Cash,Hyderabad,Expense,13137.32,2023,1,January,Q1,Friday,0
100071,2023-01-21,Blinkit,Groceries,813.51,Credit Card,Gurugram,Expense,12323.81,2023,1,January,Q1,Saturday,1
100072,2023-01-21,BigBasket,Groceries,229.81,Net Banking,Hyderabad,Expense,12094.0,2023,1,January,Q1,Saturday,1
100073,2023-01-21,Swiggy,Food & Dining,99.17,Credit Card,New Delhi,Expense,11994.83,2023,1,January,Q1,Saturday,1
100074,2023-01-22,Gate Academy,Education,1415.67,Debit Card,Online,Expense,10579.16,2023,1,January,Q1,Sunday,1
100075,2023-01-23,Uber,Transportation,174.14,Net Banking,Mumbai,Expense,10405.02,2023,1,January,Q1,Monday,0
100076,2023-01-23,Domino's,Food & Dining,334.59,Credit Card,Mumbai,Expense,10070.43,2023,1,January,Q1,Monday,0
100077,2023-01-23,PVR Cinemas,Entertainment,582.91,Cash,Mumbai,Expense,9487.52,2023,1,January,Q1,Monday,0
100078,2023-01-23,Gate Academy,Education,1566.48,Cash,Online,Expense,7921.04,2023,1,January,Q1,Monday,0
100079,2023-01-23,Burger King,Food & Dining,297.11,Cash,New Delhi,Expense,7623.93,2023,1,January,Q1,Monday,0
100080,2023-01-23,Zomato,Food & Dining,267.37,Net Banking,Online,Expense,7356.56,2023,1,January,Q1,Monday,0
100081,2023-01-24,Campus Project,Freelance,9628.24,Net Banking,Hyderabad,Income,16984.8,2023,1,January,Q1,Tuesday,0
100082,2023-01-24,Domino's,Food & Dining,274.96,Net Banking,Noida,Expense,16709.84,2023,1,January,Q1,Tuesday,0
100083,2023-01-24,Blinkit,Groceries,554.43,Credit Card,Online,Expense,16155.41,2023,1,January,Q1,Tuesday,0
100084,2023-01-24,Ola,Transportation,224.63,Debit Card,Gurugram,Expense,15930.78,2023,1,January,Q1,Tuesday,0
100085,2023-01-25,Airtel,Bills,602.95,UPI,Online,Expense,15327.83,2023,1,January,Q1,Wednesday,0
100086,2023-01-25,IRCTC,Travel,5162.3,Cash,Online,Expense,10165.53,2023,1,January,Q1,Wednesday,0
100087,2023-01-25,Flipkart,Shopping,1262.66,Debit Card,Hyderabad,Expense,8902.87,2023,1,January,Q1,Wednesday,0
100088,2023-01-26,Coursera,Education,465.85,UPI,Mumbai,Expense,8437.02,2023,1,January,Q1,Thursday,0
100089,2023-01-26,Chaayos,Food & Dining,185.41,Cash,Gurugram,Expense,8251.61,2023,1,January,Q1,Thursday,0
100090,2023-01-26,Rapido,Transportation,240.18,Credit Card,Noida,Expense,8011.43,2023,1,January,Q1,Thursday,0
100091,2023-01-26,BSES,Bills,480.26,Cash,Hyderabad,Expense,7531.17,2023,1,January,Q1,Thursday,0
100092,2023-01-26,Printing Shop,Miscellaneous,51.27,Credit Card,Gurugram,Expense,7479.9,2023,1,January,Q1,Thursday,0
100093,2023-01-26,Reliance Fresh,Groceries,825.89,UPI,Gurugram,Expense,6654.01,2023,1,January,Q1,Thursday,0
100094,2023-01-27,BSES,Bills,539.65,UPI,New Delhi,Expense,6114.36,2023,1,January,Q1,Friday,0
100095,2023-01-28,DMart,Groceries,358.64,Credit Card,Mumbai,Expense,5755.72,2023,1,January,Q1,Saturday,1
100096,2023-01-28,Myntra,Shopping,1641.67,Net Banking,Noida,Expense,4114.05,2023,1,January,Q1,Saturday,1
100097,2023-01-28,Unknown Merchant,Food & Dining,208.73,Credit Card,New Delhi,Expense,3905.32,2023,1,January,Q1,Saturday,1
100098,2023-01-28,Coursera,Education,2051.47,Debit Card,Noida,Expense,1853.85,2023,1,January,Q1,Saturday,1
100099,2023-01-28,Swiggy,Food & Dining,168.63,Debit Card,Gurugram,Expense,1685.22,2023,1,January,Q1,Saturday,1
100100,2023-02-01,IIT Delhi,Salary/Stipend,14336.86,Net Banking,New Delhi,Income,16022.08,2023,2,February,Q1,Wednesday,0
100101,2023-02-01,Zerodha,Investment,770.25,Net Banking,Mumbai,Expense,15251.83,2023,2,February,Q1,Wednesday,0
100102,2023-02-01,Hostel Laundry,Bills,516.89,Debit Card,Noida,Expense,14734.94,2023,2,February,Q1,Wednesday,0
100103,2023-02-01,Printing Shop,Miscellaneous,257.2,Credit Card,New Delhi,Expense,14477.74,2023,2,February,Q1,Wednesday,0
100104,2023-02-01,Campus Canteen,Food & Dining,325.82,Credit Card,Online,Expense,14151.92,2023,2,February,Q1,Wednesday,0
100105,2023-02-01,Swiggy,Food & Dining,160.86,Debit Card,New Delhi,Expense,13991.06,2023,2,February,Q1,Wednesday,0
100106,2023-02-02,Parents,Family Support,42134.64,Net Banking,Hyderabad,Income,56125.7,2023,2,February,Q1,Thursday,0
100107,2023-02-02,BigBasket,Groceries,711.77,Credit Card,Mumbai,Expense,55413.93,2023,2,February,Q1,Thursday,0
100108,2023-02-02,Chaayos,Food & Dining,338.47,UPI,Noida,Expense,55075.46,2023,2,February,Q1,Thursday,0
100109,2023-02-02,Domino's,Food & Dining,249.41,Cash,New Delhi,Expense,54826.05,2023,2,February,Q1,Thursday,0
100110,2023-02-03,Flipkart,Shopping,2385.53,UPI,Hyderabad,Expense,52440.52,2023,2,February,Q1,Friday,0
100111,2023-02-03,Reliance Fresh,Groceries,564.19,UPI,Online,Expense,51876.33,2023,2,February,Q1,Friday,0
100112,2023-02-03,Unknown Merchant,Education,2433.9,Debit Card,Gurugram,Expense,49442.43,2023,2,February,Q1,Friday,0
100113,2023-02-03,BSES,Bills,537.23,Net Banking,Online,Expense,48905.2,2023,2,February,Q1,Friday,0
100114,2023-02-03,BSES,Bills,905.6,Debit Card,Mumbai,Expense,47999.6,2023,2,February,Q1,Friday,0
100115,2023-02-04,Hostel Fee,Rent,5699.8,UPI,New Delhi,Expense,42299.8,2023,2,February,Q1,Saturday,1
100116,2023-02-04,Printing Shop,Miscellaneous,520.43,Debit Card,Mumbai,Expense,41779.37,2023,2,February,Q1,Saturday,1
100117,2023-02-04,Flipkart,Shopping,695.09,Credit Card,Gurugram,Expense,41084.28,2023,2,February,Q1,Saturday,1
100118,2023-02-05,Chaayos,Food & Dining,253.54,Cash,Noida,Expense,40830.74,2023,2,February,Q1,Sunday,1
100119,2023-02-05,Zomato,Food & Dining,85.5,Credit Card,Online,Expense,40745.24,2023,2,February,Q1,Sunday,1
100120,2023-02-05,Zerodha,Investment,2119.27,Debit Card,Hyderabad,Expense,38625.97,2023,2,February,Q1,Sunday,1
100121,2023-02-05,Ola,Transportation,106.21,Net Banking,Online,Expense,38519.76,2023,2,February,Q1,Sunday,1
100122,2023-02-06,Zomato,Food & Dining,258.32,Credit Card,Hyderabad,Expense,38261.44,2023,2,February,Q1,Monday,0
100123,2023-02-06,Myntra,Shopping,410.67,Net Banking,Mumbai,Expense,37850.77,2023,2,February,Q1,Monday,0
100124,2023-02-06,Reliance Fresh,Groceries,744.39,UPI,Hyderabad,Expense,37106.38,2023,2,February,Q1,Monday,0
100125,2023-02-06,Coursera,Education,1790.74,Cash,Gurugram,Expense,35315.64,2023,2,February,Q1,Monday,0
100126,2023-02-07,McDonald's,Food & Dining,182.36,Debit Card,Gurugram,Expense,35133.28,2023,2,February,Q1,Tuesday,0
100127,2023-02-07,Gift Shop,Miscellaneous,472.98,Debit Card,Gurugram,Expense,34660.3,2023,2,February,Q1,Tuesday,0
100128,2023-02-07,Delhi Metro,Transportation,43.12,Credit Card,Gurugram,Expense,34617.18,2023,2,February,Q1,Tuesday,0
100129,2023-02-08,DMart,Groceries,379.97,Credit Card,Gurugram,Expense,34237.21,2023,2,February,Q1,Wednesday,0
100130,2023-02-08,Ajio,Shopping,2456.74,Net Banking,Online,Expense,31780.47,2023,2,February,Q1,Wednesday,0
100131,2023-02-08,Gate Academy,Education,1663.36,Net Banking,Noida,Expense,30117.11,2023,2,February,Q1,Wednesday,0
100132,2023-02-09,BigBasket,Groceries,416.12,Debit Card,Hyderabad,Expense,29700.99,2023,2,February,Q1,Thursday,0
100133,2023-02-09,Rapido,Transportation,112.58,Cash,New Delhi,Expense,29588.41,2023,2,February,Q1,Thursday,0
100134,2023-02-09,Campus Canteen,Food & Dining,131.34,Credit Card,Mumbai,Expense,29457.07,2023,2,February,Q1,Thursday,0
100135,2023-02-09,Tata 1mg,Health,1511.8,Debit Card,Mumbai,Expense,27945.27,2023,2,February,Q1,Thursday,0
100136,2023-02-10,Campus Canteen,Food & Dining,266.78,Net Banking,Gurugram,Expense,27678.49,2023,2,February,Q1,Friday,0
100137,2023-02-10,McDonald's,Food & Dining,228.29,Cash,New Delhi,Expense,27450.2,2023,2,February,Q1,Friday,0
100138,2023-02-10,Reliance Fresh,Groceries,828.12,Net Banking,Gurugram,Expense,26622.08,2023,2,February,Q1,Friday,0
100139,2023-02-11,DMart,Groceries,385.89,Cash,Hyderabad,Expense,26236.19,2023,2,February,Q1,Saturday,1
100140,2023-02-11,PVR Cinemas,Entertainment,698.09,UPI,Gurugram,Expense,25538.1,2023,2,February,Q1,Saturday,1
100141,2023-02-11,Blinkit,Groceries,513.26,Cash,Gurugram,Expense,25024.84,2023,2,February,Q1,Saturday,1
100142,2023-02-11,Chaayos,Food & Dining,340.65,UPI,Unknown,Expense,24684.19,2023,2,February,Q1,Saturday,1
100143,2023-02-12,Ajio,Shopping,487.46,Credit Card,Online,Expense,24196.73,2023,2,February,Q1,Sunday,1
100144,2023-02-13,MakeMyTrip,Travel,4599.1,Net Banking,Mumbai,Expense,19597.63,2023,2,February,Q1,Monday,0
100145,2023-02-14,BigBasket,Groceries,548.19,Debit Card,Mumbai,Expense,19049.44,2023,2,February,Q1,Tuesday,0
100146,2023-02-14,Air India,Travel,2883.83,Cash,Gurugram,Expense,16165.61,2023,2,February,Q1,Tuesday,0
100147,2023-02-15,Flipkart,Shopping,444.99,Cash,Hyderabad,Expense,15720.62,2023,2,February,Q1,Wednesday,0
100148,2023-02-15,DMart,Groceries,683.88,UPI,Gurugram,Expense,15036.74,2023,2,February,Q1,Wednesday,0
100149,2023-02-15,Campus Canteen,Food & Dining,80.72,Net Banking,Online,Expense,14956.02,2023,2,February,Q1,Wednesday,0
100150,2023-02-15,Amazon,Shopping,2322.68,Cash,Mumbai,Expense,12633.34,2023,2,February,Q1,Wednesday,0
100151,2023-02-15,Domino's,Food & Dining,252.23,UPI,Online,Expense,12381.11,2023,2,February,Q1,Wednesday,0
100152,2023-02-16,Amazon Pay,Cashback,129.2,UPI,Hyderabad,Income,12510.31,2023,2,February,Q1,Thursday,0
100153,2023-02-16,DMart,Groceries,354.7,Cash,Gurugram,Expense,12155.61,2023,2,February,Q1,Thursday,0
100154,2023-02-16,Gate Academy,Education,1562.94,Cash,Gurugram,Expense,10592.67,2023,2,February,Q1,Thursday,0
100155,2023-02-16,Gift Shop,Miscellaneous,361.62,Credit Card,Online,Expense,10231.05,2023,2,February,Q1,Thursday,0
100156,2023-02-16,Swiggy,Food & Dining,183.87,Credit Card,Online,Expense,10047.18,2023,2,February,Q1,Thursday,0
100157,2023-02-17,Delhi Metro,Transportation,105.23,UPI,Online,Expense,9941.95,2023,2,February,Q1,Friday,0
100158,2023-02-17,BookMyShow,Entertainment,222.63,Debit Card,Noida,Expense,9719.32,2023,2,February,Q1,Friday,0
100159,2023-02-18,Chaayos,Food & Dining,189.74,Credit Card,Mumbai,Expense,9529.58,2023,2,February,Q1,Saturday,1
100160,2023-02-18,Zomato,Food & Dining,83.82,Debit Card,New Delhi,Expense,9445.76,2023,2,February,Q1,Saturday,1
100161,2023-02-19,Airtel,Bills,233.16,Debit Card,Hyderabad,Expense,9212.6,2023,2,February,Q1,Sunday,1
100162,2023-02-19,Printing Shop,Miscellaneous,678.11,Cash,Noida,Expense,8534.49,2023,2,February,Q1,Sunday,1
100163,2023-02-20,Reliance Fresh,Groceries,437.69,UPI,Gurugram,Expense,8096.8,2023,2,February,Q1,Monday,0
100164,2023-02-21,Domino's,Food & Dining,220.87,Net Banking,Hyderabad,Expense,7875.93,2023,2,February,Q1,Tuesday,0
100165,2023-02-21,Uber,Transportation,37.04,Credit Card,Noida,Expense,7838.89,2023,2,February,Q1,Tuesday,0
100166,2023-02-21,IndiGo,Travel,6484.47,Cash,New Delhi,Expense,1354.42,2023,2,February,Q1,Tuesday,0
100167,2023-02-22,Chaayos,Food & Dining,141.81,Net Banking,Hyderabad,Expense,1212.61,2023,2,February,Q1,Wednesday,0
100168,2023-02-22,Zerodha,Investment,2998.93,Net Banking,New Delhi,Expense,-1786.32,2023,2,February,Q1,Wednesday,0
100169,2023-02-22,Uber,Transportation,96.66,Credit Card,Gurugram,Expense,-1882.98,2023,2,February,Q1,Wednesday,0
100170,2023-02-22,Rapido,Transportation,133.96,Net Banking,New Delhi,Expense,-2016.94,2023,2,February,Q1,Wednesday,0
100171,2023-02-22,BSES,Bills,358.25,Credit Card,Mumbai,Expense,-2375.19,2023,2,February,Q1,Wednesday,0
100172,2023-02-23,Udemy,Education,1125.68,UPI,Hyderabad,Expense,-3500.87,2023,2,February,Q1,Thursday,0
100173,2023-02-23,IndiGo,Travel,4739.52,Cash,New Delhi,Expense,-8240.39,2023,2,February,Q1,Thursday,0
100174,2023-02-23,Delhi Metro,Transportation,73.24,Cash,New Delhi,Expense,-8313.63,2023,2,February,Q1,Thursday,0
100175,2023-02-23,Chaayos,Food & Dining,281.07,Cash,Online,Expense,-8594.7,2023,2,February,Q1,Thursday,0
100176,2023-02-23,BSES,Bills,732.29,UPI,Mumbai,Expense,-9326.99,2023,2,February,Q1,Thursday,0
100177,2023-02-24,Stationery,Miscellaneous,648.61,Cash,Noida,Expense,-9975.6,2023,2,February,Q1,Friday,0
100178,2023-02-24,Campus Canteen,Food & Dining,243.96,UPI,Noida,Expense,-10219.56,2023,2,February,Q1,Friday,0
100179,2023-02-24,Unknown Merchant,Food & Dining,210.73,Net Banking,Hyderabad,Expense,-10430.29,2023,2,February,Q1,Friday,0
100180,2023-02-24,Airtel,Bills,770.59,Credit Card,Mumbai,Expense,-11200.88,2023,2,February,Q1,Friday,0
100181,2023-02-24,BSES,Bills,1078.37,Net Banking,Gurugram,Expense,-12279.25,2023,2,February,Q1,Friday,0
100182,2023-02-25,BookMyShow,Entertainment,365.39,Debit Card,New Delhi,Expense,-12644.64,2023,2,February,Q1,Saturday,1
100183,2023-02-25,Campus Canteen,Food & Dining,224.68,Credit Card,Noida,Expense,-12869.32,2023,2,February,Q1,Saturday,1
100184,2023-02-25,McDonald's,Food & Dining,177.68,Cash,New Delhi,Expense,-13047.0,2023,2,February,Q1,Saturday,1
100185,2023-02-25,Zerodha,Investment,2067.0,Net Banking,New Delhi,Expense,-15114.0,2023,2,February,Q1,Saturday,1
100186,2023-02-25,Campus Canteen,Food & Dining,344.15,UPI,Online,Expense,-15458.15,2023,2,February,Q1,Saturday,1
100187,2023-02-26,Spotify,Entertainment,524.42,Net Banking,Online,Expense,-15982.57,2023,2,February,Q1,Sunday,1
100188,2023-02-26,Printing Shop,Miscellaneous,742.93,Net Banking,Mumbai,Expense,-16725.5,2023,2,February,Q1,Sunday,1
100189,2023-02-26,Zomato,Food & Dining,250.11,Credit Card,Gurugram,Expense,-16975.61,2023,2,February,Q1,Sunday,1
100190,2023-02-26,Delhi Metro,Transportation,66.18,Net Banking,Hyderabad,Expense,-17041.79,2023,2,February,Q1,Sunday,1
100191,2023-02-27,PVR Cinemas,Entertainment,425.41,Debit Card,Noida,Expense,-17467.2,2023,2,February,Q1,Monday,0
100192,2023-02-27,Hostel Fee,Rent,5153.83,UPI,Online,Expense,-22621.03,2023,2,February,Q1,Monday,0
100193,2023-02-28,McDonald's,Food & Dining,93.87,UPI,New Delhi,Expense,-22714.9,2023,2,February,Q1,Tuesday,0
100194,2023-02-28,Blinkit,Groceries,482.04,Debit Card,Hyderabad,Expense,-23196.94,2023,2,February,Q1,Tuesday,0
100195,2023-02-28,Ajio,Shopping,252.59,Cash,New Delhi,Expense,-23449.53,2023,2,February,Q1,Tuesday,0
100196,2023-02-28,Uber,Transportation,21.86,Net Banking,Mumbai,Expense,-23471.39,2023,2,February,Q1,Tuesday,0
100197,2023-03-01,IIT Delhi,Salary/Stipend,17222.38,Net Banking,New Delhi,Income,-6249.01,2023,3,March,Q1,Wednesday,0
100198,2023-03-01,Swiggy,Food & Dining,252.66,Debit Card,Noida,Expense,-6501.67,2023,3,March,Q1,Wednesday,0
100199,2023-03-01,Ajio,Shopping,345.18,UPI,Gurugram,Expense,-6846.85,2023,3,March,Q1,Wednesday,0
100200,2023-03-02,Parents,Family Support,34366.63,Net Banking,Hyderabad,Income,27519.78,2023,3,March,Q1,Thursday,0
100201,2023-03-02,Delhi Metro,Transportation,238.85,Credit Card,Online,Expense,27280.93,2023,3,March,Q1,Thursday,0
100202,2023-03-02,Gate Academy,Education,1718.62,Debit Card,Noida,Expense,25562.31,2023,3,March,Q1,Thursday,0
100203,2023-03-02,Blinkit,Groceries,873.02,Cash,Online,Expense,24689.29,2023,3,March,Q1,Thursday,0
100204,2023-03-02,Swiggy,Food & Dining,204.67,Debit Card,Gurugram,Expense,24484.62,2023,3,March,Q1,Thursday,0
100205,2023-03-02,PVR Cinemas,Entertainment,575.23,UPI,Gurugram,Expense,23909.39,2023,3,March,Q1,Thursday,0
100206,2023-03-02,Myntra,Shopping,2238.28,Net Banking,Noida,Expense,21671.11,2023,3,March,Q1,Thursday,0
100207,2023-03-02,Gift Shop,Miscellaneous,757.7,Credit Card,New Delhi,Expense,20913.41,2023,3,March,Q1,Thursday,0
100208,2023-03-02,Airtel,Bills,970.63,Cash,Gurugram,Expense,19942.78,2023,3,March,Q1,Thursday,0
100209,2023-03-03,Spotify,Entertainment,780.27,Cash,Online,Expense,19162.51,2023,3,March,Q1,Friday,0
100210,2023-03-03,DMart,Groceries,611.51,Debit Card,Noida,Expense,18551.0,2023,3,March,Q1,Friday,0
100211,2023-03-03,Unknown Merchant,Shopping,1885.93,Net Banking,Noida,Expense,16665.07,2023,3,March,Q1,Friday,0
100212,2023-03-03,BigBasket,Groceries,390.91,Debit Card,Gurugram,Expense,16274.16,2023,3,March,Q1,Friday,0
100213,2023-03-04,Hostel Fee,Rent,5048.66,UPI,New Delhi,Expense,11225.5,2023,3,March,Q1,Saturday,1
100214,2023-03-04,Rapido,Transportation,80.83,Debit Card,Mumbai,Expense,11144.67,2023,3,March,Q1,Saturday,1
100215,2023-03-04,Chaayos,Food & Dining,166.04,Debit Card,Noida,Expense,10978.63,2023,3,March,Q1,Saturday,1
100216,2023-03-05,Zomato,Food & Dining,311.77,Net Banking,Gurugram,Expense,10666.86,2023,3,March,Q1,Sunday,1
100217,2023-03-05,Rapido,Transportation,61.72,UPI,Noida,Expense,10605.14,2023,3,March,Q1,Sunday,1
100218,2023-03-05,Delhi Metro,Transportation,68.58,Debit Card,Gurugram,Expense,10536.56,2023,3,March,Q1,Sunday,1
100219,2023-03-05,Ajio,Shopping,1661.24,UPI,Online,Expense,8875.32,2023,3,March,Q1,Sunday,1
100220,2023-03-05,Delhi Metro,Transportation,154.03,Debit Card,Mumbai,Expense,8721.29,2023,3,March,Q1,Sunday,1
100221,2023-03-06,Myntra,Shopping,851.76,Debit Card,Gurugram,Expense,7869.53,2023,3,March,Q1,Monday,0
100222,2023-03-06,Chaayos,Food & Dining,94.2,Net Banking,New Delhi,Expense,7775.33,2023,3,March,Q1,Monday,0
100223,2023-03-06,Rapido,Transportation,242.23,Debit Card,New Delhi,Expense,7533.1,2023,3,March,Q1,Monday,0
100224,2023-03-06,Jio,Bills,269.68,Cash,New Delhi,Expense,7263.42,2023,3,March,Q1,Monday,0
100225,2023-03-06,Blinkit,Groceries,688.25,Debit Card,Online,Expense,6575.17,2023,3,March,Q1,Monday,0
100226,2023-03-06,DMart,Groceries,712.42,Credit Card,Hyderabad,Expense,5862.75,2023,3,March,Q1,Monday,0
100227,2023-03-07,IRCTC,Travel,6444.94,Net Banking,Noida,Expense,-582.19,2023,3,March,Q1,Tuesday,0
100228,2023-03-08,BSES,Bills,994.36,Credit Card,Hyderabad,Expense,-1576.55,2023,3,March,Q1,Wednesday,0
100229,2023-03-08,Rapido,Transportation,175.56,Net Banking,Gurugram,Expense,-1752.11,2023,3,March,Q1,Wednesday,0
100230,2023-03-08,Spotify,Entertainment,648.66,Debit Card,Online,Expense,-2400.77,2023,3,March,Q1,Wednesday,0
100231,2023-03-08,McDonald's,Food & Dining,215.54,UPI,Gurugram,Expense,-2616.31,2023,3,March,Q1,Wednesday,0
100232,2023-03-08,McDonald's,Food & Dining,112.9,Net Banking,Online,Expense,-2729.21,2023,3,March,Q1,Wednesday,0
100233,2023-03-09,BSES,Bills,172.25,Cash,Hyderabad,Expense,-2901.46,2023,3,March,Q1,Thursday,0
100234,2023-03-09,DMart,Groceries,377.12,Debit Card,Hyderabad,Expense,-3278.58,2023,3,March,Q1,Thursday,0
100235,2023-03-09,IRCTC,Travel,4664.12,Credit Card,Gurugram,Expense,-7942.7,2023,3,March,Q1,Thursday,0
100236,2023-03-10,McDonald's,Food & Dining,335.49,Net Banking,New Delhi,Expense,-8278.19,2023,3,March,Q1,Friday,0
100237,2023-03-10,BigBasket,Groceries,268.06,Net Banking,Hyderabad,Expense,-8546.25,2023,3,March,Q1,Friday,0
100238,2023-03-10,Domino's,Food & Dining,263.16,Net Banking,Noida,Expense,-8809.41,2023,3,March,Q1,Friday,0
100239,2023-03-10,Hostel Fee,Rent,4732.42,Net Banking,Hyderabad,Expense,-13541.83,2023,3,March,Q1,Friday,0
100240,2023-03-11,Blinkit,Groceries,321.37,Cash,Online,Expense,-13863.2,2023,3,March,Q1,Saturday,1
100241,2023-03-11,Printing Shop,Miscellaneous,284.41,Debit Card,Gurugram,Expense,-14147.61,2023,3,March,Q1,Saturday,1
100242,2023-03-11,Ola,Transportation,91.36,Debit Card,Noida,Expense,-14238.97,2023,3,March,Q1,Saturday,1
100243,2023-03-11,Reliance Fresh,Groceries,632.62,Net Banking,New Delhi,Expense,-14871.59,2023,3,March,Q1,Saturday,1
100244,2023-03-11,PVR Cinemas,Entertainment,720.05,Net Banking,Online,Expense,-15591.64,2023,3,March,Q1,Saturday,1
100245,2023-03-12,DMart,Groceries,327.08,Debit Card,Hyderabad,Expense,-15918.72,2023,3,March,Q1,Sunday,1
100246,2023-03-12,BigBasket,Groceries,785.46,UPI,Gurugram,Expense,-16704.18,2023,3,March,Q1,Sunday,1
100247,2023-03-12,BigBasket,Groceries,269.06,Cash,Online,Expense,-16973.24,2023,3,March,Q1,Sunday,1
100248,2023-03-12,Unknown Merchant,Bills,565.75,Debit Card,Gurugram,Expense,-17538.99,2023,3,March,Q1,Sunday,1
100249,2023-03-12,Stationery,Miscellaneous,442.61,Net Banking,Hyderabad,Expense,-17981.6,2023,3,March,Q1,Sunday,1
100250,2023-03-12,Domino's,Food & Dining,184.46,UPI,Gurugram,Expense,-18166.06,2023,3,March,Q1,Sunday,1
100251,2023-03-12,PVR Cinemas,Entertainment,193.39,Credit Card,Mumbai,Expense,-18359.45,2023,3,March,Q1,Sunday,1
100252,2023-03-12,Unknown Merchant,Food & Dining,314.91,Cash,Gurugram,Expense,-18674.36,2023,3,March,Q1,Sunday,1
100253,2023-03-13,PVR Cinemas,Entertainment,283.51,UPI,Mumbai,Expense,-18957.87,2023,3,March,Q1,Monday,0
100254,2023-03-13,McDonald's,Food & Dining,225.14,Debit Card,Mumbai,Expense,-19183.01,2023,3,March,Q1,Monday,0
100255,2023-03-13,BookMyShow,Entertainment,405.87,Cash,Gurugram,Expense,-19588.88,2023,3,March,Q1,Monday,0
100256,2023-03-14,Uber,Transportation,49.15,UPI,Online,Expense,-19638.03,2023,3,March,Q1,Tuesday,0
100257,2023-03-14,Zomato,Food & Dining,214.29,Credit Card,Online,Expense,-19852.32,2023,3,March,Q1,Tuesday,0
100258,2023-03-14,Rapido,Transportation,44.35,Net Banking,New Delhi,Expense,-19896.67,2023,3,March,Q1,Tuesday,0
100259,2023-03-14,Spotify,Entertainment,452.03,Credit Card,Hyderabad,Expense,-20348.7,2023,3,March,Q1,Tuesday,0
100260,2023-03-15,BSES,Bills,798.94,Cash,New Delhi,Expense,-21147.64,2023,3,March,Q1,Wednesday,0
100261,2023-03-15,Stationery,Miscellaneous,417.7,UPI,Gurugram,Expense,-21565.34,2023,3,March,Q1,Wednesday,0
100262,2023-03-15,NPS,Investment,2069.87,Net Banking,Online,Expense,-23635.21,2023,3,March,Q1,Wednesday,0
100263,2023-03-15,Zerodha,Investment,1055.1,UPI,Online,Expense,-24690.31,2023,3,March,Q1,Wednesday,0
100264,2023-03-16,Groww,Investment,2217.05,UPI,Unknown,Expense,-26907.36,2023,3,March,Q1,Thursday,0
100265,2023-03-16,Printing Shop,Miscellaneous,291.15,Credit Card,New Delhi,Expense,-27198.51,2023,3,March,Q1,Thursday,0
100266,2023-03-16,Burger King,Food & Dining,305.91,Net Banking,New Delhi,Expense,-27504.42,2023,3,March,Q1,Thursday,0
100267,2023-03-16,Air India,Travel,4322.28,Net Banking,Gurugram,Expense,-31826.7,2023,3,March,Q1,Thursday,0
100268,2023-03-17,Burger King,Food & Dining,250.97,Credit Card,Gurugram,Expense,-32077.67,2023,3,March,Q1,Friday,0
100269,2023-03-17,Apollo Pharmacy,Health,1309.38,Debit Card,New Delhi,Expense,-33387.05,2023,3,March,Q1,Friday,0
100270,2023-03-17,Spotify,Entertainment,290.95,Cash,New Delhi,Expense,-33678.0,2023,3,March,Q1,Friday,0
100271,2023-03-18,Domino's,Food & Dining,86.76,Net Banking,Noida,Expense,-33764.76,2023,3,March,Q1,Saturday,1
100272,2023-03-18,Zerodha,Investment,2241.21,Net Banking,Mumbai,Expense,-36005.97,2023,3,March,Q1,Saturday,1
100273,2023-03-18,Domino's,Food & Dining,338.29,UPI,Online,Expense,-36344.26,2023,3,March,Q1,Saturday,1
100274,2023-03-18,BigBasket,Groceries,322.58,UPI,Online,Expense,-36666.84,2023,3,March,Q1,Saturday,1
100275,2023-03-18,DMart,Groceries,497.03,Cash,Hyderabad,Expense,-37163.87,2023,3,March,Q1,Saturday,1
100276,2023-03-18,DMart,Groceries,891.25,Cash,Online,Expense,-38055.12,2023,3,March,Q1,Saturday,1
100277,2023-03-19,Delhi Metro,Transportation,201.34,UPI,Noida,Expense,-38256.46,2023,3,March,Q1,Sunday,1
100278,2023-03-19,DMart,Groceries,421.53,Cash,Hyderabad,Expense,-38677.99,2023,3,March,Q1,Sunday,1
100279,2023-03-19,Jio,Bills,486.81,Credit Card,Mumbai,Expense,-39164.8,2023,3,March,Q1,Sunday,1
100280,2023-03-19,McDonald's,Food & Dining,263.12,Net Banking,Mumbai,Expense,-39427.92,2023,3,March,Q1,Sunday,1
100281,2023-03-19,McDonald's,Food & Dining,175.26,Credit Card,Mumbai,Expense,-39603.18,2023,3,March,Q1,Sunday,1
100282,2023-03-20,Blinkit,Groceries,490.29,UPI,Mumbai,Expense,-40093.47,2023,3,March,Q1,Monday,0
100283,2023-03-20,Uber,Transportation,70.72,UPI,Noida,Expense,-40164.19,2023,3,March,Q1,Monday,0
100284,2023-03-20,Zomato,Food & Dining,133.26,UPI,Noida,Expense,-40297.45,2023,3,March,Q1,Monday,0
100285,2023-03-20,Printing Shop,Miscellaneous,343.97,UPI,Gurugram,Expense,-40641.42,2023,3,March,Q1,Monday,0
100286,2023-03-21,Stationery,Miscellaneous,714.06,Cash,Hyderabad,Expense,-41355.48,2023,3,March,Q1,Tuesday,0
100287,2023-03-21,Ola,Transportation,240.39,Credit Card,New Delhi,Expense,-41595.87,2023,3,March,Q1,Tuesday,0
100288,2023-03-21,Printing Shop,Miscellaneous,711.54,Net Banking,Gurugram,Expense,-42307.41,2023,3,March,Q1,Tuesday,0
100289,2023-03-21,McDonald's,Food & Dining,147.5,Debit Card,Hyderabad,Expense,-42454.91,2023,3,March,Q1,Tuesday,0
100290,2023-03-21,Reliance Fresh,Groceries,671.54,Credit Card,Unknown,Expense,-43126.45,2023,3,March,Q1,Tuesday,0
100291,2023-03-22,Gift Shop,Miscellaneous,254.08,Cash,Hyderabad,Expense,-43380.53,2023,3,March,Q1,Wednesday,0
100292,2023-03-22,Gate Academy,Education,726.84,Cash,Gurugram,Expense,-44107.37,2023,3,March,Q1,Wednesday,0
100293,2023-03-23,Hostel Laundry,Bills,730.74,Net Banking,New Delhi,Expense,-44838.11,2023,3,March,Q1,Thursday,0
100294,2023-03-23,Hostel Laundry,Bills,143.06,Cash,Hyderabad,Expense,-44981.17,2023,3,March,Q1,Thursday,0
100295,2023-03-23,Jio,Bills,732.55,Debit Card,Online,Expense,-45713.72,2023,3,March,Q1,Thursday,0
100296,2023-03-24,Campus Project,Freelance,11698.5,Net Banking,Hyderabad,Income,-34015.22,2023,3,March,Q1,Friday,0
100297,2023-03-24,Chaayos,Food & Dining,246.08,Net Banking,Gurugram,Expense,-34261.3,2023,3,March,Q1,Friday,0
100298,2023-03-24,Domino's,Food & Dining,106.07,Net Banking,Hyderabad,Expense,-34367.37,2023,3,March,Q1,Friday,0
100299,2023-03-24,Ajio,Shopping,1484.81,UPI,Gurugram,Expense,-35852.18,2023,3,March,Q1,Friday,0
100300,2023-03-24,Netflix,Entertainment,341.36,Net Banking,Mumbai,Expense,-36193.54,2023,3,March,Q1,Friday,0
100301,2023-03-25,Burger King,Food & Dining,256.77,Credit Card,Online,Expense,-36450.31,2023,3,March,Q1,Saturday,1
100302,2023-03-25,Rapido,Transportation,173.03,UPI,Gurugram,Expense,-36623.34,2023,3,March,Q1,Saturday,1
100303,2023-03-25,DMart,Groceries,354.88,Debit Card,Online,Expense,-36978.22,2023,3,March,Q1,Saturday,1
100304,2023-03-25,McDonald's,Food & Dining,137.83,Credit Card,Noida,Expense,-37116.05,2023,3,March,Q1,Saturday,1
100305,2023-03-27,Zerodha,Investment,2872.53,UPI,Mumbai,Expense,-39988.58,2023,3,March,Q1,Monday,0
100306,2023-03-27,BigBasket,Groceries,758.23,UPI,Hyderabad,Expense,-40746.81,2023,3,March,Q1,Monday,0
100307,2023-03-27,McDonald's,Food & Dining,157.46,Credit Card,Mumbai,Expense,-40904.27,2023,3,March,Q1,Monday,0
100308,2023-03-28,Netflix,Entertainment,176.95,Credit Card,New Delhi,Expense,-41081.22,2023,3,March,Q1,Tuesday,0
100309,2023-03-28,Airtel,Bills,987.94,Net Banking,Mumbai,Expense,-42069.16,2023,3,March,Q1,Tuesday,0
100310,2023-03-28,Swiggy,Food & Dining,313.35,Net Banking,Hyderabad,Expense,-42382.51,2023,3,March,Q1,Tuesday,0
100311,2023-03-28,Delhi Metro,Transportation,199.59,Debit Card,New Delhi,Expense,-42582.1,2023,3,March,Q1,Tuesday,0
100312,2023-04-01,IIT Delhi,Salary/Stipend,16068.53,Net Banking,New Delhi,Income,-26513.57,2023,4,April,Q2,Saturday,1
100313,2023-04-01,Spotify,Entertainment,718.63,Credit Card,New Delhi,Expense,-27232.2,2023,4,April,Q2,Saturday,1
100314,2023-04-02,Parents,Family Support,25695.98,Net Banking,Hyderabad,Income,-1536.22,2023,4,April,Q2,Sunday,1
100315,2023-04-02,Ola,Transportation,29.26,Debit Card,Online,Expense,-1565.48,2023,4,April,Q2,Sunday,1
100316,2023-04-02,Spotify,Entertainment,695.23,Cash,Noida,Expense,-2260.71,2023,4,April,Q2,Sunday,1
100317,2023-04-03,Domino's,Food & Dining,337.93,Cash,Mumbai,Expense,-2598.64,2023,4,April,Q2,Monday,0
100318,2023-04-03,BookMyShow,Entertainment,711.19,Net Banking,Mumbai,Expense,-3309.83,2023,4,April,Q2,Monday,0
100319,2023-04-04,Hostel Fee,Rent,5474.34,UPI,Unknown,Expense,-8784.17,2023,4,April,Q2,Tuesday,0
100320,2023-04-04,Hostel Laundry,Bills,241.53,Debit Card,Gurugram,Expense,-9025.7,2023,4,April,Q2,Tuesday,0
100321,2023-04-04,Ola,Transportation,112.19,Credit Card,Online,Expense,-9137.89,2023,4,April,Q2,Tuesday,0
100322,2023-04-04,Uber,Transportation,230.97,Net Banking,Hyderabad,Expense,-9368.86,2023,4,April,Q2,Tuesday,0
100323,2023-04-04,Apollo Pharmacy,Health,1332.54,Cash,Hyderabad,Expense,-10701.4,2023,4,April,Q2,Tuesday,0
100324,2023-04-05,Hostel Laundry,Bills,300.16,Net Banking,New Delhi,Expense,-11001.56,2023,4,April,Q2,Wednesday,0
100325,2023-04-05,Domino's,Food & Dining,109.02,Debit Card,Online,Expense,-11110.58,2023,4,April,Q2,Wednesday,0
100326,2023-04-05,Reliance Fresh,Groceries,424.2,Net Banking,Hyderabad,Expense,-11534.78,2023,4,April,Q2,Wednesday,0
100327,2023-04-05,Apollo Pharmacy,Health,1283.49,Net Banking,Mumbai,Expense,-12818.27,2023,4,April,Q2,Wednesday,0
100328,2023-04-05,Blinkit,Groceries,520.43,Net Banking,Noida,Expense,-13338.7,2023,4,April,Q2,Wednesday,0
100329,2023-04-05,McDonald's,Food & Dining,116.06,Net Banking,Gurugram,Expense,-13454.76,2023,4,April,Q2,Wednesday,0
100330,2023-04-05,Blinkit,Groceries,191.73,Cash,Hyderabad,Expense,-13646.49,2023,4,April,Q2,Wednesday,0
100331,2023-04-06,Zerodha,Investment,564.78,Net Banking,Online,Expense,-14211.27,2023,4,April,Q2,Thursday,0
100332,2023-04-06,Reliance Fresh,Groceries,526.93,Credit Card,Mumbai,Expense,-14738.2,2023,4,April,Q2,Thursday,0
100333,2023-04-06,Unknown Merchant,Investment,2944.78,Cash,Online,Expense,-17682.98,2023,4,April,Q2,Thursday,0
100334,2023-04-06,Domino's,Food & Dining,224.9,Net Banking,Online,Expense,-17907.88,2023,4,April,Q2,Thursday,0
100335,2023-04-07,Reliance Fresh,Groceries,241.02,Credit Card,Online,Expense,-18148.9,2023,4,April,Q2,Friday,0
100336,2023-04-07,Chaayos,Food & Dining,209.35,Net Banking,Gurugram,Expense,-18358.25,2023,4,April,Q2,Friday,0
100337,2023-04-07,Burger King,Food & Dining,80.81,UPI,New Delhi,Expense,-18439.06,2023,4,April,Q2,Friday,0
100338,2023-04-08,Reliance Fresh,Groceries,350.6,UPI,New Delhi,Expense,-18789.66,2023,4,April,Q2,Saturday,1
100339,2023-04-08,Spotify,Entertainment,381.59,UPI,Noida,Expense,-19171.25,2023,4,April,Q2,Saturday,1
100340,2023-04-09,Zomato,Food & Dining,338.21,Debit Card,Hyderabad,Expense,-19509.46,2023,4,April,Q2,Sunday,1
100341,2023-04-09,BigBasket,Groceries,868.0,Credit Card,Gurugram,Expense,-20377.46,2023,4,April,Q2,Sunday,1
100342,2023-04-09,Rapido,Transportation,77.05,Credit Card,Online,Expense,-20454.51,2023,4,April,Q2,Sunday,1
100343,2023-04-10,Hostel Laundry,Bills,194.84,Cash,Hyderabad,Expense,-20649.35,2023,4,April,Q2,Monday,0
100344,2023-04-10,Flipkart,Shopping,1415.73,Credit Card,Gurugram,Expense,-22065.08,2023,4,April,Q2,Monday,0
100345,2023-04-10,Gift Shop,Miscellaneous,616.93,Debit Card,Mumbai,Expense,-22682.01,2023,4,April,Q2,Monday,0
100346,2023-04-10,Apollo Pharmacy,Health,1735.62,UPI,Gurugram,Expense,-24417.63,2023,4,April,Q2,Monday,0
100347,2023-04-10,Netflix,Entertainment,767.82,Debit Card,Mumbai,Expense,-25185.45,2023,4,April,Q2,Monday,0
100348,2023-04-10,Domino's,Food & Dining,327.36,Net Banking,Noida,Expense,-25512.81,2023,4,April,Q2,Monday,0
100349,2023-04-11,Airtel,Bills,1092.2,UPI,New Delhi,Expense,-26605.01,2023,4,April,Q2,Tuesday,0
100350,2023-04-11,BigBasket,Groceries,230.48,Cash,Mumbai,Expense,-26835.49,2023,4,April,Q2,Tuesday,0
100351,2023-04-12,McDonald's,Food & Dining,229.59,Net Banking,Noida,Expense,-27065.08,2023,4,April,Q2,Wednesday,0
100352,2023-04-12,Flipkart,Shopping,806.9,Debit Card,Noida,Expense,-27871.98,2023,4,April,Q2,Wednesday,0
100353,2023-04-13,Domino's,Food & Dining,297.98,Cash,Unknown,Expense,-28169.96,2023,4,April,Q2,Thursday,0
100354,2023-04-13,BSES,Bills,697.51,Credit Card,Gurugram,Expense,-28867.47,2023,4,April,Q2,Thursday,0
100355,2023-04-14,Upwork Client,Freelance,8806.47,Net Banking,Hyderabad,Income,-20061.0,2023,4,April,Q2,Friday,0
100356,2023-04-14,Irctc Refund,Refund,361.62,UPI,New Delhi,Income,-19699.38,2023,4,April,Q2,Friday,0
100357,2023-04-14,Gift Shop,Miscellaneous,168.56,Cash,Noida,Expense,-19867.94,2023,4,April,Q2,Friday,0
100358,2023-04-14,Delhi Metro,Transportation,174.98,UPI,Hyderabad,Expense,-20042.92,2023,4,April,Q2,Friday,0
100359,2023-04-14,Reliance Fresh,Groceries,464.09,Cash,Hyderabad,Expense,-20507.01,2023,4,April,Q2,Friday,0
100360,2023-04-15,Zomato,Food & Dining,186.18,Credit Card,Hyderabad,Expense,-20693.19,2023,4,April,Q2,Saturday,1
100361,2023-04-15,Delhi Metro,Transportation,108.86,Net Banking,Mumbai,Expense,-20802.05,2023,4,April,Q2,Saturday,1
100362,2023-04-15,BookMyShow,Entertainment,784.94,Net Banking,Online,Expense,-21586.99,2023,4,April,Q2,Saturday,1
100363,2023-04-16,Hostel Fee,Rent,4928.37,UPI,Noida,Expense,-26515.36,2023,4,April,Q2,Sunday,1
100364,2023-04-16,Delhi Metro,Transportation,166.97,Debit Card,Online,Expense,-26682.33,2023,4,April,Q2,Sunday,1
100365,2023-04-16,BigBasket,Groceries,536.04,Cash,New Delhi,Expense,-27218.37,2023,4,April,Q2,Sunday,1
100366,2023-04-16,Rapido,Transportation,31.62,Debit Card,Hyderabad,Expense,-27249.99,2023,4,April,Q2,Sunday,1
100367,2023-04-16,BigBasket,Groceries,532.29,Cash,New Delhi,Expense,-27782.28,2023,4,April,Q2,Sunday,1
100368,2023-04-16,Swiggy,Food & Dining,169.18,Credit Card,New Delhi,Expense,-27951.46,2023,4,April,Q2,Sunday,1
100369,2023-04-16,Ola,Transportation,146.32,Credit Card,Mumbai,Expense,-28097.78,2023,4,April,Q2,Sunday,1
100370,2023-04-17,Sbi Savings,Interest,93.65,Net Banking,New Delhi,Income,-28004.13,2023,4,April,Q2,Monday,0
100371,2023-04-17,Tata 1mg,Health,483.3,UPI,Gurugram,Expense,-28487.43,2023,4,April,Q2,Monday,0
100372,2023-04-17,Reliance Fresh,Groceries,261.71,Debit Card,Hyderabad,Expense,-28749.14,2023,4,April,Q2,Monday,0
100373,2023-04-17,Zomato,Food & Dining,225.06,Credit Card,New Delhi,Expense,-28974.2,2023,4,April,Q2,Monday,0
100374,2023-04-18,Swiggy,Food & Dining,180.05,Debit Card,Noida,Expense,-29154.25,2023,4,April,Q2,Tuesday,0
100375,2023-04-18,Delhi Metro,Transportation,59.83,Net Banking,Gurugram,Expense,-29214.08,2023,4,April,Q2,Tuesday,0
100376,2023-04-18,Uber,Transportation,181.09,UPI,Online,Expense,-29395.17,2023,4,April,Q2,Tuesday,0
100377,2023-04-18,Stationery,Miscellaneous,546.34,Debit Card,New Delhi,Expense,-29941.51,2023,4,April,Q2,Tuesday,0
100378,2023-04-19,Uber,Transportation,114.17,Credit Card,Gurugram,Expense,-30055.68,2023,4,April,Q2,Wednesday,0
100379,2023-04-19,Domino's,Food & Dining,253.19,Credit Card,Hyderabad,Expense,-30308.87,2023,4,April,Q2,Wednesday,0
100380,2023-04-19,Ola,Transportation,112.13,Debit Card,Hyderabad,Expense,-30421.0,2023,4,April,Q2,Wednesday,0
100381,2023-04-19,McDonald's,Food & Dining,135.46,UPI,Hyderabad,Expense,-30556.46,2023,4,April,Q2,Wednesday,0
100382,2023-04-20,Rapido,Transportation,108.35,Credit Card,Noida,Expense,-30664.81,2023,4,April,Q2,Thursday,0
100383,2023-04-20,Delhi Metro,Transportation,110.38,Net Banking,Gurugram,Expense,-30775.19,2023,4,April,Q2,Thursday,0
100384,2023-04-20,Campus Canteen,Food & Dining,89.07,UPI,Noida,Expense,-30864.26,2023,4,April,Q2,Thursday,0
100385,2023-04-21,Burger King,Food & Dining,287.56,Credit Card,Hyderabad,Expense,-31151.82,2023,4,April,Q2,Friday,0
100386,2023-04-22,Zerodha,Investment,2966.44,UPI,Hyderabad,Expense,-34118.26,2023,4,April,Q2,Saturday,1
100387,2023-04-22,BSES,Bills,594.97,Credit Card,Hyderabad,Expense,-34713.23,2023,4,April,Q2,Saturday,1
100388,2023-04-22,McDonald's,Food & Dining,167.76,Net Banking,Online,Expense,-34880.99,2023,4,April,Q2,Saturday,1
100389,2023-04-22,Printing Shop,Miscellaneous,700.74,Debit Card,Unknown,Expense,-35581.73,2023,4,April,Q2,Saturday,1
100390,2023-04-22,Jio,Bills,366.7,Credit Card,New Delhi,Expense,-35948.43,2023,4,April,Q2,Saturday,1
100391,2023-04-22,Uber,Transportation,74.35,Cash,Gurugram,Expense,-36022.78,2023,4,April,Q2,Saturday,1
100392,2023-04-23,Ajio,Shopping,1267.1,UPI,Mumbai,Expense,-37289.88,2023,4,April,Q2,Sunday,1
100393,2023-04-23,Swiggy,Food & Dining,234.59,Credit Card,New Delhi,Expense,-37524.47,2023,4,April,Q2,Sunday,1
100394,2023-04-23,BookMyShow,Entertainment,593.43,Debit Card,Online,Expense,-38117.9,2023,4,April,Q2,Sunday,1
100395,2023-04-23,Chaayos,Food & Dining,265.24,Debit Card,Mumbai,Expense,-38383.14,2023,4,April,Q2,Sunday,1
100396,2023-04-24,Myntra,Shopping,2350.94,Credit Card,Noida,Expense,-40734.08,2023,4,April,Q2,Monday,0
100397,2023-04-24,Blinkit,Groceries,543.17,Credit Card,Mumbai,Expense,-41277.25,2023,4,April,Q2,Monday,0
100398,2023-04-24,Ajio,Shopping,994.04,Debit Card,Mumbai,Expense,-42271.29,2023,4,April,Q2,Monday,0
100399,2023-04-25,Tata 1mg,Health,300.19,Cash,Noida,Expense,-42571.48,2023,4,April,Q2,Tuesday,0
100400,2023-04-25,Zomato,Food & Dining,190.39,Cash,Gurugram,Expense,-42761.87,2023,4,April,Q2,Tuesday,0
100401,2023-04-26,Reliance Fresh,Groceries,875.3,UPI,Hyderabad,Expense,-43637.17,2023,4,April,Q2,Wednesday,0
100402,2023-04-26,Delhi Metro,Transportation,234.75,Net Banking,New Delhi,Expense,-43871.92,2023,4,April,Q2,Wednesday,0
100403,2023-04-26,Domino's,Food & Dining,278.89,Net Banking,Mumbai,Expense,-44150.81,2023,4,April,Q2,Wednesday,0
100404,2023-04-26,Domino's,Food & Dining,204.84,UPI,Online,Expense,-44355.65,2023,4,April,Q2,Wednesday,0
100405,2023-04-27,Tata 1mg,Health,161.78,Cash,Noida,Expense,-44517.43,2023,4,April,Q2,Thursday,0
100406,2023-04-28,Reliance Fresh,Groceries,818.5,Credit Card,Gurugram,Expense,-45335.93,2023,4,April,Q2,Friday,0
100407,2023-04-28,Delhi Metro,Transportation,53.04,Debit Card,Online,Expense,-45388.97,2023,4,April,Q2,Friday,0
100408,2023-04-28,Netflix,Entertainment,744.36,Credit Card,Hyderabad,Expense,-46133.33,2023,4,April,Q2,Friday,0
100409,2023-04-28,BookMyShow,Entertainment,222.85,Cash,Hyderabad,Expense,-46356.18,2023,4,April,Q2,Friday,0
100410,2023-04-28,Hostel Fee,Rent,5073.72,Cash,New Delhi,Expense,-51429.9,2023,4,April,Q2,Friday,0
100411,2023-05-01,IIT Delhi,Salary/Stipend,15023.38,Net Banking,New Delhi,Income,-36406.52,2023,5,May,Q2,Monday,0
100412,2023-05-01,Chaayos,Food & Dining,271.91,Debit Card,Mumbai,Expense,-36678.43,2023,5,May,Q2,Monday,0
100413,2023-05-02,Parents,Family Support,29683.23,Net Banking,Hyderabad,Income,-6995.2,2023,5,May,Q2,Tuesday,0
100414,2023-05-02,BigBasket,Groceries,772.05,Cash,Mumbai,Expense,-7767.25,2023,5,May,Q2,Tuesday,0
100415,2023-05-02,Burger King,Food & Dining,203.12,Net Banking,Online,Expense,-7970.37,2023,5,May,Q2,Tuesday,0
100416,2023-05-02,Coursera,Education,1346.1,Debit Card,Hyderabad,Expense,-9316.47,2023,5,May,Q2,Tuesday,0
100417,2023-05-02,PVR Cinemas,Entertainment,254.37,Credit Card,Hyderabad,Expense,-9570.84,2023,5,May,Q2,Tuesday,0
100418,2023-05-03,McDonald's,Food & Dining,169.17,Debit Card,New Delhi,Expense,-9740.01,2023,5,May,Q2,Wednesday,0
100419,2023-05-03,Jio,Bills,143.5,Net Banking,Mumbai,Expense,-9883.51,2023,5,May,Q2,Wednesday,0
100420,2023-05-03,Uber,Transportation,76.68,Debit Card,Noida,Expense,-9960.19,2023,5,May,Q2,Wednesday,0
100421,2023-05-03,BigBasket,Groceries,227.47,Net Banking,New Delhi,Expense,-10187.66,2023,5,May,Q2,Wednesday,0
100422,2023-05-03,DMart,Groceries,371.57,Credit Card,Gurugram,Expense,-10559.23,2023,5,May,Q2,Wednesday,0
100423,2023-05-04,Hostel Fee,Rent,5120.34,UPI,New Delhi,Expense,-15679.57,2023,5,May,Q2,Thursday,0
100424,2023-05-04,BookMyShow,Entertainment,342.1,Credit Card,New Delhi,Expense,-16021.67,2023,5,May,Q2,Thursday,0
100425,2023-05-04,Zomato,Food & Dining,116.17,Debit Card,New Delhi,Expense,-16137.84,2023,5,May,Q2,Thursday,0
100426,2023-05-05,Rapido,Transportation,200.29,Debit Card,Gurugram,Expense,-16338.13,2023,5,May,Q2,Friday,0
100427,2023-05-05,Domino's,Food & Dining,182.8,Debit Card,Gurugram,Expense,-16520.93,2023,5,May,Q2,Friday,0
100428,2023-05-05,BSES,Bills,603.65,UPI,Online,Expense,-17124.58,2023,5,May,Q2,Friday,0
100429,2023-05-06,BSES,Bills,639.66,Credit Card,Noida,Expense,-17764.24,2023,5,May,Q2,Saturday,1
100430,2023-05-06,Blinkit,Groceries,431.57,UPI,Hyderabad,Expense,-18195.81,2023,5,May,Q2,Saturday,1
100431,2023-05-06,Domino's,Food & Dining,315.43,Debit Card,Noida,Expense,-18511.24,2023,5,May,Q2,Saturday,1
100432,2023-05-06,McDonald's,Food & Dining,183.6,Net Banking,Mumbai,Expense,-18694.84,2023,5,May,Q2,Saturday,1
100433,2023-05-06,Unknown Merchant,Health,1682.18,Credit Card,Online,Expense,-20377.02,2023,5,May,Q2,Saturday,1
100434,2023-05-06,Stationery,Miscellaneous,382.89,Net Banking,New Delhi,Expense,-20759.91,2023,5,May,Q2,Saturday,1
100435,2023-05-07,Gift Shop,Miscellaneous,212.76,Debit Card,New Delhi,Expense,-20972.67,2023,5,May,Q2,Sunday,1
100436,2023-05-07,Rapido,Transportation,124.73,Debit Card,Online,Expense,-21097.4,2023,5,May,Q2,Sunday,1
100437,2023-05-08,Uber,Transportation,213.79,Credit Card,New Delhi,Expense,-21311.19,2023,5,May,Q2,Monday,0
100438,2023-05-09,Reliance Fresh,Groceries,207.69,Cash,Hyderabad,Expense,-21518.88,2023,5,May,Q2,Tuesday,0
100439,2023-05-09,BookMyShow,Entertainment,328.12,Debit Card,New Delhi,Expense,-21847.0,2023,5,May,Q2,Tuesday,0
100440,2023-05-10,Gift Shop,Miscellaneous,356.19,Credit Card,Hyderabad,Expense,-22203.19,2023,5,May,Q2,Wednesday,0
100441,2023-05-10,Unknown Merchant,Groceries,787.01,Cash,New Delhi,Expense,-22990.2,2023,5,May,Q2,Wednesday,0
100442,2023-05-10,McDonald's,Food & Dining,81.4,Debit Card,Gurugram,Expense,-23071.6,2023,5,May,Q2,Wednesday,0
100443,2023-05-11,BigBasket,Groceries,857.6,Cash,Mumbai,Expense,-23929.2,2023,5,May,Q2,Thursday,0
100444,2023-05-13,Stationery,Miscellaneous,577.83,Net Banking,Gurugram,Expense,-24507.03,2023,5,May,Q2,Saturday,1
100445,2023-05-13,BookMyShow,Entertainment,155.31,Net Banking,Noida,Expense,-24662.34,2023,5,May,Q2,Saturday,1
100446,2023-05-13,Air India,Travel,12270.29,Cash,New Delhi,Expense,-36932.63,2023,5,May,Q2,Saturday,1
100447,2023-05-13,Uber,Transportation,109.39,Debit Card,Gurugram,Expense,-37042.02,2023,5,May,Q2,Saturday,1
100448,2023-05-14,Apollo Pharmacy,Health,730.2,Net Banking,Noida,Expense,-37772.22,2023,5,May,Q2,Sunday,1
100449,2023-05-14,Campus Canteen,Food & Dining,214.96,Debit Card,Hyderabad,Expense,-37987.18,2023,5,May,Q2,Sunday,1
100450,2023-05-14,McDonald's,Food & Dining,103.57,Net Banking,Hyderabad,Expense,-38090.75,2023,5,May,Q2,Sunday,1
100451,2023-05-14,BigBasket,Groceries,197.45,Cash,Gurugram,Expense,-38288.2,2023,5,May,Q2,Sunday,1
100452,2023-05-14,Blinkit,Groceries,398.24,Credit Card,Online,Expense,-38686.44,2023,5,May,Q2,Sunday,1
100453,2023-05-15,Uber,Transportation,223.05,Cash,Gurugram,Expense,-38909.49,2023,5,May,Q2,Monday,0
100454,2023-05-15,Hostel Laundry,Bills,961.9,Credit Card,Gurugram,Expense,-39871.39,2023,5,May,Q2,Monday,0
100455,2023-05-15,BSES,Bills,732.76,Cash,Online,Expense,-40604.15,2023,5,May,Q2,Monday,0
100456,2023-05-15,Domino's,Food & Dining,274.94,UPI,Gurugram,Expense,-40879.09,2023,5,May,Q2,Monday,0
100457,2023-05-15,BookMyShow,Entertainment,718.17,Cash,New Delhi,Expense,-41597.26,2023,5,May,Q2,Monday,0
100458,2023-05-16,Uber,Transportation,106.75,UPI,Mumbai,Expense,-41704.01,2023,5,May,Q2,Tuesday,0
100459,2023-05-16,BSES,Bills,864.82,Credit Card,Online,Expense,-42568.83,2023,5,May,Q2,Tuesday,0
100460,2023-05-16,Burger King,Food & Dining,347.49,Cash,Hyderabad,Expense,-42916.32,2023,5,May,Q2,Tuesday,0
100461,2023-05-16,Flipkart,Shopping,2391.64,Credit Card,Online,Expense,-45307.96,2023,5,May,Q2,Tuesday,0
100462,2023-05-16,Zerodha,Investment,1763.6,Cash,Online,Expense,-47071.56,2023,5,May,Q2,Tuesday,0
100463,2023-05-17,IndiGo,Travel,16674.79,Credit Card,Mumbai,Expense,-63746.35,2023,5,May,Q2,Wednesday,0
100464,2023-05-17,Campus Canteen,Food & Dining,149.86,Net Banking,Hyderabad,Expense,-63896.21,2023,5,May,Q2,Wednesday,0
100465,2023-05-17,Spotify,Entertainment,512.01,Debit Card,New Delhi,Expense,-64408.22,2023,5,May,Q2,Wednesday,0
100466,2023-05-17,McDonald's,Food & Dining,267.23,Cash,Hyderabad,Expense,-64675.45,2023,5,May,Q2,Wednesday,0
100467,2023-05-18,Reliance Fresh,Groceries,875.84,Cash,Noida,Expense,-65551.29,2023,5,May,Q2,Thursday,0
100468,2023-05-18,PVR Cinemas,Entertainment,366.46,Debit Card,Gurugram,Expense,-65917.75,2023,5,May,Q2,Thursday,0
100469,2023-05-18,BookMyShow,Entertainment,111.35,Debit Card,Noida,Expense,-66029.1,2023,5,May,Q2,Thursday,0
100470,2023-05-18,Printing Shop,Miscellaneous,416.24,UPI,Hyderabad,Expense,-66445.34,2023,5,May,Q2,Thursday,0
100471,2023-05-18,Printing Shop,Miscellaneous,61.8,Cash,New Delhi,Expense,-66507.14,2023,5,May,Q2,Thursday,0
100472,2023-05-18,Domino's,Food & Dining,274.99,Net Banking,Hyderabad,Expense,-66782.13,2023,5,May,Q2,Thursday,0
100473,2023-05-18,Apollo Pharmacy,Health,439.66,Net Banking,New Delhi,Expense,-67221.79,2023,5,May,Q2,Thursday,0
100474,2023-05-19,Chaayos,Food & Dining,142.11,Credit Card,Online,Expense,-67363.9,2023,5,May,Q2,Friday,0
100475,2023-05-19,Rapido,Transportation,199.57,Net Banking,Unknown,Expense,-67563.47,2023,5,May,Q2,Friday,0
100476,2023-05-20,BigBasket,Groceries,330.73,Debit Card,Gurugram,Expense,-67894.2,2023,5,May,Q2,Saturday,1
100477,2023-05-20,Rapido,Transportation,196.87,Debit Card,New Delhi,Expense,-68091.07,2023,5,May,Q2,Saturday,1
100478,2023-05-21,Blinkit,Groceries,879.22,Net Banking,Gurugram,Expense,-68970.29,2023,5,May,Q2,Sunday,1
100479,2023-05-21,Unknown Merchant,Transportation,209.41,Net Banking,Gurugram,Expense,-69179.7,2023,5,May,Q2,Sunday,1
100480,2023-05-21,Printing Shop,Miscellaneous,316.26,UPI,Hyderabad,Expense,-69495.96,2023,5,May,Q2,Sunday,1
100481,2023-05-22,Unknown Merchant,Rent,4838.79,UPI,New Delhi,Expense,-74334.75,2023,5,May,Q2,Monday,0
100482,2023-05-22,Jio,Bills,366.22,Cash,Online,Expense,-74700.97,2023,5,May,Q2,Monday,0
100483,2023-05-22,Unknown Merchant,Bills,305.03,Cash,New Delhi,Expense,-75006.0,2023,5,May,Q2,Monday,0
100484,2023-05-23,Hostel Laundry,Bills,927.48,UPI,Gurugram,Expense,-75933.48,2023,5,May,Q2,Tuesday,0
100485,2023-05-23,NPS,Investment,1228.62,Cash,Hyderabad,Expense,-77162.1,2023,5,May,Q2,Tuesday,0
100486,2023-05-23,Groww,Investment,1654.06,Cash,Gurugram,Expense,-78816.16,2023,5,May,Q2,Tuesday,0
100487,2023-05-23,Blinkit,Groceries,840.29,Net Banking,New Delhi,Expense,-79656.45,2023,5,May,Q2,Tuesday,0
100488,2023-05-24,Myntra Refund,Refund,1764.89,UPI,Online,Income,-77891.56,2023,5,May,Q2,Wednesday,0
100489,2023-05-24,Zomato,Food & Dining,336.1,Cash,Hyderabad,Expense,-78227.66,2023,5,May,Q2,Wednesday,0
100490,2023-05-24,Swiggy,Food & Dining,131.31,Cash,Noida,Expense,-78358.97,2023,5,May,Q2,Wednesday,0
100491,2023-05-24,Ola,Transportation,199.21,Net Banking,Hyderabad,Expense,-78558.18,2023,5,May,Q2,Wednesday,0
100492,2023-05-24,Zomato,Food & Dining,296.01,Net Banking,Noida,Expense,-78854.19,2023,5,May,Q2,Wednesday,0
100493,2023-05-24,Ajio,Shopping,343.62,Net Banking,Noida,Expense,-79197.81,2023,5,May,Q2,Wednesday,0
100494,2023-05-25,Udemy,Education,1029.81,UPI,Hyderabad,Expense,-80227.62,2023,5,May,Q2,Thursday,0
100495,2023-05-25,Printing Shop,Miscellaneous,204.34,UPI,Hyderabad,Expense,-80431.96,2023,5,May,Q2,Thursday,0
100496,2023-05-25,Burger King,Food & Dining,110.84,Debit Card,Hyderabad,Expense,-80542.8,2023,5,May,Q2,Thursday,0
100497,2023-05-26,Flipkart,Shopping,1766.57,UPI,New Delhi,Expense,-82309.37,2023,5,May,Q2,Friday,0
100498,2023-05-26,Delhi Metro,Transportation,162.64,Cash,Gurugram,Expense,-82472.01,2023,5,May,Q2,Friday,0
100499,2023-05-26,Netflix,Entertainment,351.67,UPI,Noida,Expense,-82823.68,2023,5,May,Q2,Friday,0
100500,2023-05-27,Campus Canteen,Food & Dining,308.61,UPI,New Delhi,Expense,-83132.29,2023,5,May,Q2,Saturday,1
100501,2023-05-27,Chaayos,Food & Dining,144.93,Cash,Mumbai,Expense,-83277.22,2023,5,May,Q2,Saturday,1
100502,2023-05-27,Myntra,Shopping,1639.07,Net Banking,Hyderabad,Expense,-84916.29,2023,5,May,Q2,Saturday,1
100503,2023-05-27,Rapido,Transportation,63.03,Net Banking,New Delhi,Expense,-84979.32,2023,5,May,Q2,Saturday,1
100504,2023-05-27,IndiGo,Travel,2783.72,Debit Card,New Delhi,Expense,-87763.04,2023,5,May,Q2,Saturday,1
100505,2023-05-28,BigBasket,Groceries,174.68,UPI,Noida,Expense,-87937.72,2023,5,May,Q2,Sunday,1
100506,2023-05-28,Hostel Laundry,Bills,962.88,UPI,Gurugram,Expense,-88900.6,2023,5,May,Q2,Sunday,1
100507,2023-05-28,Ajio,Shopping,405.61,Cash,Noida,Expense,-89306.21,2023,5,May,Q2,Sunday,1
100508,2023-05-28,Blinkit,Groceries,346.77,Net Banking,Mumbai,Expense,-89652.98,2023,5,May,Q2,Sunday,1
100509,2023-06-01,IIT Delhi,Salary/Stipend,14698.39,Net Banking,New Delhi,Income,-74954.59,2023,6,June,Q2,Thursday,0
100510,2023-06-01,Swiggy,Food & Dining,299.44,Credit Card,Unknown,Expense,-75254.03,2023,6,June,Q2,Thursday,0
100511,2023-06-01,Delhi Metro,Transportation,82.2,Net Banking,Noida,Expense,-75336.23,2023,6,June,Q2,Thursday,0
100512,2023-06-02,Parents,Family Support,42243.99,Net Banking,Hyderabad,Income,-33092.24,2023,6,June,Q2,Friday,0
100513,2023-06-02,Swiggy,Food & Dining,150.79,Cash,Hyderabad,Expense,-33243.03,2023,6,June,Q2,Friday,0
100514,2023-06-02,Ola,Transportation,135.47,Credit Card,Hyderabad,Expense,-33378.5,2023,6,June,Q2,Friday,0
100515,2023-06-02,Zomato,Food & Dining,90.25,Net Banking,Noida,Expense,-33468.75,2023,6,June,Q2,Friday,0
100516,2023-06-03,Printing Shop,Miscellaneous,318.67,Cash,Noida,Expense,-33787.42,2023,6,June,Q2,Saturday,1
100517,2023-06-03,Domino's,Food & Dining,177.32,Credit Card,New Delhi,Expense,-33964.74,2023,6,June,Q2,Saturday,1
100518,2023-06-03,Burger King,Food & Dining,252.28,UPI,Gurugram,Expense,-34217.02,2023,6,June,Q2,Saturday,1
100519,2023-06-03,Air India,Travel,16108.25,Debit Card,Gurugram,Expense,-50325.27,2023,6,June,Q2,Saturday,1
100520,2023-06-04,Hostel Fee,Rent,5791.57,UPI,New Delhi,Expense,-56116.84,2023,6,June,Q2,Sunday,1
100521,2023-06-04,Netflix,Entertainment,288.14,Debit Card,Online,Expense,-56404.98,2023,6,June,Q2,Sunday,1
100522,2023-06-05,Jio,Bills,282.58,Credit Card,New Delhi,Expense,-56687.56,2023,6,June,Q2,Monday,0
100523,2023-06-05,Rapido,Transportation,222.63,Credit Card,Mumbai,Expense,-56910.19,2023,6,June,Q2,Monday,0
100524,2023-06-05,Reliance Fresh,Groceries,437.23,UPI,Hyderabad,Expense,-57347.42,2023,6,June,Q2,Monday,0
100525,2023-06-05,NPS,Investment,2931.4,Debit Card,New Delhi,Expense,-60278.82,2023,6,June,Q2,Monday,0
100526,2023-06-05,Zomato,Food & Dining,258.86,Debit Card,Gurugram,Expense,-60537.68,2023,6,June,Q2,Monday,0
100527,2023-06-05,Swiggy,Food & Dining,311.27,Credit Card,Gurugram,Expense,-60848.95,2023,6,June,Q2,Monday,0
100528,2023-06-05,Unknown Merchant,Transportation,122.58,Net Banking,Hyderabad,Expense,-60971.53,2023,6,June,Q2,Monday,0
100529,2023-06-05,McDonald's,Food & Dining,155.54,Credit Card,Mumbai,Expense,-61127.07,2023,6,June,Q2,Monday,0
100530,2023-06-05,Chaayos,Food & Dining,270.27,UPI,Hyderabad,Expense,-61397.34,2023,6,June,Q2,Monday,0
100531,2023-06-05,BigBasket,Groceries,852.52,UPI,Noida,Expense,-62249.86,2023,6,June,Q2,Monday,0
100532,2023-06-06,Stationery,Miscellaneous,543.54,UPI,Mumbai,Expense,-62793.4,2023,6,June,Q2,Tuesday,0
100533,2023-06-06,PVR Cinemas,Entertainment,604.54,Credit Card,Mumbai,Expense,-63397.94,2023,6,June,Q2,Tuesday,0
100534,2023-06-06,Delhi Metro,Transportation,47.58,Net Banking,New Delhi,Expense,-63445.52,2023,6,June,Q2,Tuesday,0
100535,2023-06-06,Domino's,Food & Dining,264.47,Credit Card,Noida,Expense,-63709.99,2023,6,June,Q2,Tuesday,0
100536,2023-06-06,Rapido,Transportation,94.2,Cash,Mumbai,Expense,-63804.19,2023,6,June,Q2,Tuesday,0
100537,2023-06-07,McDonald's,Food & Dining,105.7,UPI,Noida,Expense,-63909.89,2023,6,June,Q2,Wednesday,0
100538,2023-06-07,Campus Canteen,Food & Dining,174.82,Credit Card,Online,Expense,-64084.71,2023,6,June,Q2,Wednesday,0
100539,2023-06-07,Airtel,Bills,586.62,UPI,Noida,Expense,-64671.33,2023,6,June,Q2,Wednesday,0
100540,2023-06-07,Ola,Transportation,137.6,Net Banking,Gurugram,Expense,-64808.93,2023,6,June,Q2,Wednesday,0
100541,2023-06-07,Ola,Transportation,37.18,Net Banking,New Delhi,Expense,-64846.11,2023,6,June,Q2,Wednesday,0
100542,2023-06-07,Blinkit,Groceries,873.48,Debit Card,Online,Expense,-65719.59,2023,6,June,Q2,Wednesday,0
100543,2023-06-08,McDonald's,Food & Dining,322.44,Cash,New Delhi,Expense,-66042.03,2023,6,June,Q2,Thursday,0
100544,2023-06-08,Uber,Transportation,239.29,Credit Card,New Delhi,Expense,-66281.32,2023,6,June,Q2,Thursday,0
100545,2023-06-08,BookMyShow,Entertainment,617.7,Debit Card,Hyderabad,Expense,-66899.02,2023,6,June,Q2,Thursday,0
100546,2023-06-08,Burger King,Food & Dining,190.71,Debit Card,Mumbai,Expense,-67089.73,2023,6,June,Q2,Thursday,0
100547,2023-06-08,Zomato,Food & Dining,290.86,Credit Card,Online,Expense,-67380.59,2023,6,June,Q2,Thursday,0
100548,2023-06-08,Ola,Transportation,154.32,UPI,Noida,Expense,-67534.91,2023,6,June,Q2,Thursday,0
100549,2023-06-09,Swiggy,Food & Dining,298.89,Cash,Hyderabad,Expense,-67833.8,2023,6,June,Q2,Friday,0
100550,2023-06-10,Airtel,Bills,893.3,Debit Card,Noida,Expense,-68727.1,2023,6,June,Q2,Saturday,1
100551,2023-06-10,Delhi Metro,Transportation,31.26,Credit Card,New Delhi,Expense,-68758.36,2023,6,June,Q2,Saturday,1
100552,2023-06-10,BSES,Bills,292.89,Credit Card,Noida,Expense,-69051.25,2023,6,June,Q2,Saturday,1
100553,2023-06-11,Domino's,Food & Dining,327.28,UPI,Hyderabad,Expense,-69378.53,2023,6,June,Q2,Sunday,1
100554,2023-06-11,Amazon,Shopping,2223.7,Cash,Mumbai,Expense,-71602.23,2023,6,June,Q2,Sunday,1
100555,2023-06-11,Burger King,Food & Dining,209.06,Credit Card,Noida,Expense,-71811.29,2023,6,June,Q2,Sunday,1
100556,2023-06-12,BookMyShow,Entertainment,586.29,Cash,Gurugram,Expense,-72397.58,2023,6,June,Q2,Monday,0
100557,2023-06-12,Zomato,Food & Dining,203.32,Debit Card,Hyderabad,Expense,-72600.9,2023,6,June,Q2,Monday,0
100558,2023-06-12,Ajio,Shopping,2411.26,Net Banking,New Delhi,Expense,-75012.16,2023,6,June,Q2,Monday,0
100559,2023-06-13,PVR Cinemas,Entertainment,512.7,Cash,Gurugram,Expense,-75524.86,2023,6,June,Q2,Tuesday,0
100560,2023-06-13,DMart,Groceries,627.91,Net Banking,Hyderabad,Expense,-76152.77,2023,6,June,Q2,Tuesday,0
100561,2023-06-13,Myntra,Shopping,2333.59,Debit Card,Online,Expense,-78486.36,2023,6,June,Q2,Tuesday,0
100562,2023-06-13,BSES,Bills,1180.93,Credit Card,Noida,Expense,-79667.29,2023,6,June,Q2,Tuesday,0
100563,2023-06-15,Apollo Pharmacy,Health,368.57,Cash,Noida,Expense,-80035.86,2023,6,June,Q2,Thursday,0
100564,2023-06-15,Airtel,Bills,671.39,UPI,Mumbai,Expense,-80707.25,2023,6,June,Q2,Thursday,0
100565,2023-06-15,Domino's,Food & Dining,124.38,Cash,New Delhi,Expense,-80831.63,2023,6,June,Q2,Thursday,0
100566,2023-06-16,Zerodha,Investment,2562.12,Debit Card,Gurugram,Expense,-83393.75,2023,6,June,Q2,Friday,0
100567,2023-06-16,DMart,Groceries,279.58,UPI,Hyderabad,Expense,-83673.33,2023,6,June,Q2,Friday,0
100568,2023-06-16,Domino's,Food & Dining,83.06,Net Banking,Hyderabad,Expense,-83756.39,2023,6,June,Q2,Friday,0
100569,2023-06-16,Hostel Laundry,Bills,812.01,Net Banking,Online,Expense,-84568.4,2023,6,June,Q2,Friday,0
100570,2023-06-16,Delhi Metro,Transportation,145.24,Net Banking,Hyderabad,Expense,-84713.64,2023,6,June,Q2,Friday,0
100571,2023-06-17,Hostel Fee,Rent,4714.28,Net Banking,Mumbai,Expense,-89427.92,2023,6,June,Q2,Saturday,1
100572,2023-06-17,Stationery,Miscellaneous,127.96,Net Banking,Online,Expense,-89555.88,2023,6,June,Q2,Saturday,1
100573,2023-06-18,Ola,Transportation,167.32,Debit Card,New Delhi,Expense,-89723.2,2023,6,June,Q2,Sunday,1
100574,2023-06-18,NPS,Investment,2636.5,Net Banking,Noida,Expense,-92359.7,2023,6,June,Q2,Sunday,1
100575,2023-06-18,Delhi Metro,Transportation,182.65,Credit Card,Mumbai,Expense,-92542.35,2023,6,June,Q2,Sunday,1
100576,2023-06-19,Rapido,Transportation,152.92,Debit Card,Mumbai,Expense,-92695.27,2023,6,June,Q2,Monday,0
100577,2023-06-19,Campus Canteen,Food & Dining,107.78,UPI,Noida,Expense,-92803.05,2023,6,June,Q2,Monday,0
100578,2023-06-19,Zerodha,Investment,626.59,Cash,Online,Expense,-93429.64,2023,6,June,Q2,Monday,0
100579,2023-06-19,Burger King,Food & Dining,269.15,Credit Card,Hyderabad,Expense,-93698.79,2023,6,June,Q2,Monday,0
100580,2023-06-19,Gift Shop,Miscellaneous,761.59,Net Banking,New Delhi,Expense,-94460.38,2023,6,June,Q2,Monday,0
100581,2023-06-20,Jio,Bills,685.51,Debit Card,Mumbai,Expense,-95145.89,2023,6,June,Q2,Tuesday,0
100582,2023-06-20,Practo,Health,297.18,UPI,Gurugram,Expense,-95443.07,2023,6,June,Q2,Tuesday,0
100583,2023-06-21,Myntra Refund,Refund,1640.34,UPI,New Delhi,Income,-93802.73,2023,6,June,Q2,Wednesday,0
100584,2023-06-21,Delhi Metro,Transportation,52.7,Cash,Online,Expense,-93855.43,2023,6,June,Q2,Wednesday,0
100585,2023-06-21,BookMyShow,Entertainment,132.16,UPI,New Delhi,Expense,-93987.59,2023,6,June,Q2,Wednesday,0
100586,2023-06-21,Hostel Fee,Rent,5864.11,Credit Card,Gurugram,Expense,-99851.7,2023,6,June,Q2,Wednesday,0
100587,2023-06-21,Netflix,Entertainment,273.45,Credit Card,Hyderabad,Expense,-100125.15,2023,6,June,Q2,Wednesday,0
100588,2023-06-21,Ajio,Shopping,1856.55,Credit Card,Gurugram,Expense,-101981.7,2023,6,June,Q2,Wednesday,0
100589,2023-06-21,Uber,Transportation,164.97,Net Banking,Hyderabad,Expense,-102146.67,2023,6,June,Q2,Wednesday,0
100590,2023-06-21,Coursera,Education,1456.79,Cash,Mumbai,Expense,-103603.46,2023,6,June,Q2,Wednesday,0
100591,2023-06-21,Uber,Transportation,93.49,Debit Card,Online,Expense,-103696.95,2023,6,June,Q2,Wednesday,0
100592,2023-06-23,Myntra,Shopping,811.77,Credit Card,Mumbai,Expense,-104508.72,2023,6,June,Q2,Friday,0
100593,2023-06-23,Ola,Transportation,90.27,Cash,Mumbai,Expense,-104598.99,2023,6,June,Q2,Friday,0
100594,2023-06-23,Uber,Transportation,34.69,Cash,Online,Expense,-104633.68,2023,6,June,Q2,Friday,0
100595,2023-06-23,Swiggy,Food & Dining,136.61,Debit Card,Gurugram,Expense,-104770.29,2023,6,June,Q2,Friday,0
100596,2023-06-24,Chaayos,Food & Dining,183.43,UPI,New Delhi,Expense,-104953.72,2023,6,June,Q2,Saturday,1
100597,2023-06-24,Blinkit,Groceries,532.14,Debit Card,Mumbai,Expense,-105485.86,2023,6,June,Q2,Saturday,1
100598,2023-06-24,Coursera,Education,1308.61,Net Banking,New Delhi,Expense,-106794.47,2023,6,June,Q2,Saturday,1
100599,2023-06-24,Campus Canteen,Food & Dining,165.86,Net Banking,Hyderabad,Expense,-106960.33,2023,6,June,Q2,Saturday,1
100600,2023-06-25,DMart,Groceries,625.22,Cash,Hyderabad,Expense,-107585.55,2023,6,June,Q2,Sunday,1
100601,2023-06-25,Rapido,Transportation,183.9,Cash,Mumbai,Expense,-107769.45,2023,6,June,Q2,Sunday,1
100602,2023-06-25,MakeMyTrip,Travel,12425.57,Credit Card,Noida,Expense,-120195.02,2023,6,June,Q2,Sunday,1
100603,2023-06-26,Zomato,Food & Dining,107.51,UPI,New Delhi,Expense,-120302.53,2023,6,June,Q2,Monday,0
100604,2023-06-26,Zerodha,Investment,2591.74,Net Banking,Gurugram,Expense,-122894.27,2023,6,June,Q2,Monday,0
100605,2023-06-26,Delhi Metro,Transportation,60.82,UPI,New Delhi,Expense,-122955.09,2023,6,June,Q2,Monday,0
100606,2023-06-26,Burger King,Food & Dining,165.92,Credit Card,Mumbai,Expense,-123121.01,2023,6,June,Q2,Monday,0
100607,2023-06-27,Uber,Transportation,165.89,Net Banking,Mumbai,Expense,-123286.9,2023,6,June,Q2,Tuesday,0
100608,2023-06-27,Printing Shop,Miscellaneous,249.9,UPI,Noida,Expense,-123536.8,2023,6,June,Q2,Tuesday,0
100609,2023-06-28,Uber,Transportation,151.73,Credit Card,Online,Expense,-123688.53,2023,6,June,Q2,Wednesday,0
100610,2023-06-28,Practo,Health,1787.23,Credit Card,Mumbai,Expense,-125475.76,2023,6,June,Q2,Wednesday,0
100611,2023-06-28,Airtel,Bills,1055.8,Cash,Mumbai,Expense,-126531.56,2023,6,June,Q2,Wednesday,0
100612,2023-06-28,Rapido,Transportation,47.74,Credit Card,Online,Expense,-126579.3,2023,6,June,Q2,Wednesday,0
100613,2023-06-28,Practo,Health,324.37,Cash,Gurugram,Expense,-126903.67,2023,6,June,Q2,Wednesday,0
100614,2023-06-28,Unknown Merchant,Groceries,191.58,Debit Card,Noida,Expense,-127095.25,2023,6,June,Q2,Wednesday,0
100615,2023-06-28,Netflix,Entertainment,101.8,Credit Card,New Delhi,Expense,-127197.05,2023,6,June,Q2,Wednesday,0
100616,2023-06-28,Burger King,Food & Dining,142.5,Cash,Mumbai,Expense,-127339.55,2023,6,June,Q2,Wednesday,0
100617,2023-06-28,BigBasket,Groceries,246.59,UPI,New Delhi,Expense,-127586.14,2023,6,June,Q2,Wednesday,0
100618,2023-07-01,IIT Delhi,Salary/Stipend,16722.12,Net Banking,New Delhi,Income,-110864.02,2023,7,July,Q3,Saturday,1
100619,2023-07-01,Jio,Bills,761.26,Debit Card,Hyderabad,Expense,-111625.28,2023,7,July,Q3,Saturday,1
100620,2023-07-01,BigBasket,Groceries,697.99,Net Banking,Noida,Expense,-112323.27,2023,7,July,Q3,Saturday,1
100621,2023-07-02,Parents,Family Support,25962.95,Net Banking,Hyderabad,Income,-86360.32,2023,7,July,Q3,Sunday,1
100622,2023-07-02,Unknown Merchant,Transportation,35.02,Debit Card,Online,Expense,-86395.34,2023,7,July,Q3,Sunday,1
100623,2023-07-02,Burger King,Food & Dining,224.38,UPI,Mumbai,Expense,-86619.72,2023,7,July,Q3,Sunday,1
100624,2023-07-02,Campus Canteen,Food & Dining,305.75,UPI,Online,Expense,-86925.47,2023,7,July,Q3,Sunday,1
100625,2023-07-02,Chaayos,Food & Dining,127.17,Debit Card,Gurugram,Expense,-87052.64,2023,7,July,Q3,Sunday,1
100626,2023-07-03,Domino's,Food & Dining,334.3,Net Banking,Hyderabad,Expense,-87386.94,2023,7,July,Q3,Monday,0
100627,2023-07-03,Domino's,Food & Dining,81.03,Net Banking,Online,Expense,-87467.97,2023,7,July,Q3,Monday,0
100628,2023-07-03,Reliance Fresh,Groceries,722.68,Net Banking,Online,Expense,-88190.65,2023,7,July,Q3,Monday,0
100629,2023-07-04,Hostel Fee,Rent,5068.07,UPI,New Delhi,Expense,-93258.72,2023,7,July,Q3,Tuesday,0
100630,2023-07-04,Airtel,Bills,1161.31,Net Banking,New Delhi,Expense,-94420.03,2023,7,July,Q3,Tuesday,0
100631,2023-07-04,Gate Academy,Education,986.6,Net Banking,Hyderabad,Expense,-95406.63,2023,7,July,Q3,Tuesday,0
100632,2023-07-04,Chaayos,Food & Dining,104.03,Net Banking,Mumbai,Expense,-95510.66,2023,7,July,Q3,Tuesday,0
100633,2023-07-04,Unknown Merchant,Groceries,675.44,Credit Card,Online,Expense,-96186.1,2023,7,July,Q3,Tuesday,0
100634,2023-07-05,Spotify,Entertainment,178.76,Net Banking,Hyderabad,Expense,-96364.86,2023,7,July,Q3,Wednesday,0
100635,2023-07-05,LeetCode,Education,2470.63,Credit Card,New Delhi,Expense,-98835.49,2023,7,July,Q3,Wednesday,0
100636,2023-07-05,Zomato,Food & Dining,140.57,UPI,Hyderabad,Expense,-98976.06,2023,7,July,Q3,Wednesday,0
100637,2023-07-06,Zerodha,Investment,685.5,Credit Card,Mumbai,Expense,-99661.56,2023,7,July,Q3,Thursday,0
100638,2023-07-06,Campus Canteen,Food & Dining,86.95,Debit Card,New Delhi,Expense,-99748.51,2023,7,July,Q3,Thursday,0
100639,2023-07-06,Rapido,Transportation,156.63,Net Banking,Hyderabad,Expense,-99905.14,2023,7,July,Q3,Thursday,0
100640,2023-07-06,BigBasket,Groceries,623.27,UPI,New Delhi,Expense,-100528.41,2023,7,July,Q3,Thursday,0
100641,2023-07-06,Uber,Transportation,114.24,Net Banking,Online,Expense,-100642.65,2023,7,July,Q3,Thursday,0
100642,2023-07-06,Burger King,Food & Dining,253.72,Cash,Online,Expense,-100896.37,2023,7,July,Q3,Thursday,0
100643,2023-07-07,Zomato,Food & Dining,107.34,Cash,Mumbai,Expense,-101003.71,2023,7,July,Q3,Friday,0
100644,2023-07-07,Chaayos,Food & Dining,345.78,Credit Card,Noida,Expense,-101349.49,2023,7,July,Q3,Friday,0
100645,2023-07-07,Rapido,Transportation,168.48,Net Banking,Online,Expense,-101517.97,2023,7,July,Q3,Friday,0
100646,2023-07-07,Udemy,Education,363.69,UPI,Noida,Expense,-101881.66,2023,7,July,Q3,Friday,0
100647,2023-07-07,Ajio,Shopping,1282.75,Debit Card,Mumbai,Expense,-103164.41,2023,7,July,Q3,Friday,0
100648,2023-07-07,LeetCode,Education,631.71,Cash,Hyderabad,Expense,-103796.12,2023,7,July,Q3,Friday,0
100649,2023-07-08,Coursera,Education,1029.29,Cash,Gurugram,Expense,-104825.41,2023,7,July,Q3,Saturday,1
100650,2023-07-09,DMart,Groceries,319.68,Credit Card,Mumbai,Expense,-105145.09,2023,7,July,Q3,Sunday,1
100651,2023-07-09,Uber,Transportation,57.61,Debit Card,New Delhi,Expense,-105202.7,2023,7,July,Q3,Sunday,1
100652,2023-07-09,PVR Cinemas,Entertainment,331.92,Cash,New Delhi,Expense,-105534.62,2023,7,July,Q3,Sunday,1
100653,2023-07-09,Blinkit,Groceries,242.7,Credit Card,Noida,Expense,-105777.32,2023,7,July,Q3,Sunday,1
100654,2023-07-09,Chaayos,Food & Dining,133.93,Net Banking,Noida,Expense,-105911.25,2023,7,July,Q3,Sunday,1
100655,2023-07-09,Coursera,Education,2401.2,Debit Card,Gurugram,Expense,-108312.45,2023,7,July,Q3,Sunday,1
100656,2023-07-10,Swiggy,Food & Dining,308.36,Debit Card,Gurugram,Expense,-108620.81,2023,7,July,Q3,Monday,0
100657,2023-07-10,Stationery,Miscellaneous,719.28,Credit Card,Hyderabad,Expense,-109340.09,2023,7,July,Q3,Monday,0
100658,2023-07-10,Gift Shop,Miscellaneous,522.73,UPI,Mumbai,Expense,-109862.82,2023,7,July,Q3,Monday,0
100659,2023-07-10,DMart,Groceries,613.27,UPI,Online,Expense,-110476.09,2023,7,July,Q3,Monday,0
100660,2023-07-10,BSES,Bills,602.43,Cash,New Delhi,Expense,-111078.52,2023,7,July,Q3,Monday,0
100661,2023-07-11,Campus Canteen,Food & Dining,240.66,UPI,New Delhi,Expense,-111319.18,2023,7,July,Q3,Tuesday,0
100662,2023-07-11,Delhi Metro,Transportation,111.39,Net Banking,Online,Expense,-111430.57,2023,7,July,Q3,Tuesday,0
100663,2023-07-11,Delhi Metro,Transportation,83.59,Debit Card,Mumbai,Expense,-111514.16,2023,7,July,Q3,Tuesday,0
100664,2023-07-11,Gift Shop,Miscellaneous,497.28,Credit Card,Gurugram,Expense,-112011.44,2023,7,July,Q3,Tuesday,0
100665,2023-07-12,Printing Shop,Miscellaneous,114.28,Cash,Hyderabad,Expense,-112125.72,2023,7,July,Q3,Wednesday,0
100666,2023-07-12,BookMyShow,Entertainment,707.23,Debit Card,Online,Expense,-112832.95,2023,7,July,Q3,Wednesday,0
100667,2023-07-12,Campus Canteen,Food & Dining,93.65,Credit Card,Gurugram,Expense,-112926.6,2023,7,July,Q3,Wednesday,0
100668,2023-07-13,Chaayos,Food & Dining,96.47,Net Banking,Online,Expense,-113023.07,2023,7,July,Q3,Thursday,0
100669,2023-07-13,Uber,Transportation,126.77,UPI,Noida,Expense,-113149.84,2023,7,July,Q3,Thursday,0
100670,2023-07-13,BigBasket,Groceries,800.62,Cash,New Delhi,Expense,-113950.46,2023,7,July,Q3,Thursday,0
100671,2023-07-13,Ola,Transportation,175.55,Net Banking,Hyderabad,Expense,-114126.01,2023,7,July,Q3,Thursday,0
100672,2023-07-14,Udemy,Education,1849.91,Net Banking,Online,Expense,-115975.92,2023,7,July,Q3,Friday,0
100673,2023-07-14,Tata 1mg,Health,291.99,UPI,New Delhi,Expense,-116267.91,2023,7,July,Q3,Friday,0
100674,2023-07-15,Coursera,Education,1112.68,Debit Card,Online,Expense,-117380.59,2023,7,July,Q3,Saturday,1
100675,2023-07-15,Domino's,Food & Dining,188.21,Cash,Mumbai,Expense,-117568.8,2023,7,July,Q3,Saturday,1
100676,2023-07-16,NPS,Investment,2217.67,Credit Card,Online,Expense,-119786.47,2023,7,July,Q3,Sunday,1
100677,2023-07-16,Stationery,Miscellaneous,479.02,Credit Card,Gurugram,Expense,-120265.49,2023,7,July,Q3,Sunday,1
100678,2023-07-16,Domino's,Food & Dining,86.87,Net Banking,Online,Expense,-120352.36,2023,7,July,Q3,Sunday,1
100679,2023-07-16,Hostel Laundry,Bills,543.73,UPI,New Delhi,Expense,-120896.09,2023,7,July,Q3,Sunday,1
100680,2023-07-16,Unknown Merchant,Health,1269.95,Credit Card,New Delhi,Expense,-122166.04,2023,7,July,Q3,Sunday,1
100681,2023-07-16,Myntra,Shopping,418.45,Credit Card,Gurugram,Expense,-122584.49,2023,7,July,Q3,Sunday,1
100682,2023-07-18,BigBasket,Groceries,844.18,Debit Card,Gurugram,Expense,-123428.67,2023,7,July,Q3,Tuesday,0
100683,2023-07-19,Burger King,Food & Dining,93.4,Cash,Noida,Expense,-123522.07,2023,7,July,Q3,Wednesday,0
100684,2023-07-19,Ola,Transportation,57.47,Credit Card,Mumbai,Expense,-123579.54,2023,7,July,Q3,Wednesday,0
100685,2023-07-19,DMart,Groceries,617.7,UPI,Hyderabad,Expense,-124197.24,2023,7,July,Q3,Wednesday,0
100686,2023-07-19,Ola,Transportation,189.45,Debit Card,Mumbai,Expense,-124386.69,2023,7,July,Q3,Wednesday,0
100687,2023-07-19,DMart,Groceries,799.8,Cash,Unknown,Expense,-125186.49,2023,7,July,Q3,Wednesday,0
100688,2023-07-19,Practo,Health,920.55,Cash,Noida,Expense,-126107.04,2023,7,July,Q3,Wednesday,0
100689,2023-07-20,Airtel,Bills,957.08,Credit Card,Online,Expense,-127064.12,2023,7,July,Q3,Thursday,0
100690,2023-07-21,Gate Academy,Education,883.01,Credit Card,Gurugram,Expense,-127947.13,2023,7,July,Q3,Friday,0
100691,2023-07-21,McDonald's,Food & Dining,135.82,Net Banking,New Delhi,Expense,-128082.95,2023,7,July,Q3,Friday,0
100692,2023-07-21,Gift Shop,Miscellaneous,564.74,Debit Card,Hyderabad,Expense,-128647.69,2023,7,July,Q3,Friday,0
100693,2023-07-21,Zomato,Food & Dining,117.37,Debit Card,Gurugram,Expense,-128765.06,2023,7,July,Q3,Friday,0
100694,2023-07-21,Flipkart,Shopping,2049.77,UPI,Noida,Expense,-130814.83,2023,7,July,Q3,Friday,0
100695,2023-07-22,Udemy,Education,2060.99,UPI,Online,Expense,-132875.82,2023,7,July,Q3,Saturday,1
100696,2023-07-22,McDonald's,Food & Dining,101.16,Credit Card,Mumbai,Expense,-132976.98,2023,7,July,Q3,Saturday,1
100697,2023-07-22,Rapido,Transportation,162.2,UPI,Online,Expense,-133139.18,2023,7,July,Q3,Saturday,1
100698,2023-07-22,Amazon,Shopping,2181.03,Credit Card,Noida,Expense,-135320.21,2023,7,July,Q3,Saturday,1
100699,2023-07-22,Amazon,Shopping,2426.06,Cash,Noida,Expense,-137746.27,2023,7,July,Q3,Saturday,1
100700,2023-07-22,Airtel,Bills,410.94,Cash,New Delhi,Expense,-138157.21,2023,7,July,Q3,Saturday,1
100701,2023-07-22,Ola,Transportation,59.1,Debit Card,New Delhi,Expense,-138216.31,2023,7,July,Q3,Saturday,1
100702,2023-07-23,Practo,Health,121.02,Net Banking,Hyderabad,Expense,-138337.33,2023,7,July,Q3,Sunday,1
100703,2023-07-23,BookMyShow,Entertainment,145.93,Credit Card,Hyderabad,Expense,-138483.26,2023,7,July,Q3,Sunday,1
100704,2023-07-23,Myntra,Shopping,937.28,Cash,Online,Expense,-139420.54,2023,7,July,Q3,Sunday,1
100705,2023-07-23,DMart,Groceries,242.37,Cash,Mumbai,Expense,-139662.91,2023,7,July,Q3,Sunday,1
100706,2023-07-23,Reliance Fresh,Groceries,617.1,Cash,New Delhi,Expense,-140280.01,2023,7,July,Q3,Sunday,1
100707,2023-07-23,Ola,Transportation,92.27,Debit Card,Hyderabad,Expense,-140372.28,2023,7,July,Q3,Sunday,1
100708,2023-07-24,Reliance Fresh,Groceries,705.69,Debit Card,Mumbai,Expense,-141077.97,2023,7,July,Q3,Monday,0
100709,2023-07-24,Chaayos,Food & Dining,175.93,Debit Card,Online,Expense,-141253.9,2023,7,July,Q3,Monday,0
100710,2023-07-24,Zomato,Food & Dining,81.11,Credit Card,Mumbai,Expense,-141335.01,2023,7,July,Q3,Monday,0
100711,2023-07-24,Amazon,Shopping,953.59,UPI,New Delhi,Expense,-142288.6,2023,7,July,Q3,Monday,0
100712,2023-07-25,Delhi Metro,Transportation,191.06,Debit Card,Mumbai,Expense,-142479.66,2023,7,July,Q3,Tuesday,0
100713,2023-07-25,Reliance Fresh,Groceries,307.04,Net Banking,Noida,Expense,-142786.7,2023,7,July,Q3,Tuesday,0
100714,2023-07-25,Hostel Fee,Rent,5235.27,Credit Card,Online,Expense,-148021.97,2023,7,July,Q3,Tuesday,0
100715,2023-07-25,DMart,Groceries,862.08,UPI,Gurugram,Expense,-148884.05,2023,7,July,Q3,Tuesday,0
100716,2023-07-26,Ola,Transportation,210.63,Credit Card,Online,Expense,-149094.68,2023,7,July,Q3,Wednesday,0
100717,2023-07-26,Blinkit,Groceries,236.63,Cash,Online,Expense,-149331.31,2023,7,July,Q3,Wednesday,0
100718,2023-07-26,BookMyShow,Entertainment,729.78,Debit Card,Mumbai,Expense,-150061.09,2023,7,July,Q3,Wednesday,0
100719,2023-07-27,LeetCode,Education,344.51,Debit Card,Gurugram,Expense,-150405.6,2023,7,July,Q3,Thursday,0
100720,2023-07-27,Hostel Fee,Rent,5949.73,Net Banking,Mumbai,Expense,-156355.33,2023,7,July,Q3,Thursday,0
100721,2023-07-28,Uber,Transportation,110.81,Net Banking,Hyderabad,Expense,-156466.14,2023,7,July,Q3,Friday,0
100722,2023-07-28,PVR Cinemas,Entertainment,631.65,UPI,Hyderabad,Expense,-157097.79,2023,7,July,Q3,Friday,0
100723,2023-07-28,Stationery,Miscellaneous,93.98,UPI,Online,Expense,-157191.77,2023,7,July,Q3,Friday,0
100724,2023-08-01,IIT Delhi,Salary/Stipend,17820.87,Net Banking,New Delhi,Income,-139370.9,2023,8,August,Q3,Tuesday,0
100725,2023-08-01,Coursera,Education,1229.25,UPI,Online,Expense,-140600.15,2023,8,August,Q3,Tuesday,0
100726,2023-08-01,Rapido,Transportation,209.09,Credit Card,Hyderabad,Expense,-140809.24,2023,8,August,Q3,Tuesday,0
100727,2023-08-01,Zomato,Food & Dining,305.01,UPI,Noida,Expense,-141114.25,2023,8,August,Q3,Tuesday,0
100728,2023-08-02,Unknown Merchant,Family Support,35138.59,Net Banking,Hyderabad,Income,-105975.66,2023,8,August,Q3,Wednesday,0
100729,2023-08-02,Printing Shop,Miscellaneous,159.82,Debit Card,Noida,Expense,-106135.48,2023,8,August,Q3,Wednesday,0
100730,2023-08-02,Chaayos,Food & Dining,167.11,Net Banking,Mumbai,Expense,-106302.59,2023,8,August,Q3,Wednesday,0
100731,2023-08-02,DMart,Groceries,490.98,Debit Card,New Delhi,Expense,-106793.57,2023,8,August,Q3,Wednesday,0
100732,2023-08-03,Delhi Metro,Transportation,143.52,Credit Card,Noida,Expense,-106937.09,2023,8,August,Q3,Thursday,0
100733,2023-08-03,Stationery,Miscellaneous,78.41,Credit Card,Gurugram,Expense,-107015.5,2023,8,August,Q3,Thursday,0
100734,2023-08-03,BSES,Bills,870.97,Net Banking,New Delhi,Expense,-107886.47,2023,8,August,Q3,Thursday,0
100735,2023-08-03,BSES,Bills,690.87,Net Banking,Mumbai,Expense,-108577.34,2023,8,August,Q3,Thursday,0
100736,2023-08-03,Coursera,Education,468.22,Net Banking,Mumbai,Expense,-109045.56,2023,8,August,Q3,Thursday,0
100737,2023-08-04,Hostel Fee,Rent,4678.06,UPI,New Delhi,Expense,-113723.62,2023,8,August,Q3,Friday,0
100738,2023-08-04,DMart,Groceries,566.3,UPI,Hyderabad,Expense,-114289.92,2023,8,August,Q3,Friday,0
100739,2023-08-04,Spotify,Entertainment,440.88,Net Banking,New Delhi,Expense,-114730.8,2023,8,August,Q3,Friday,0
100740,2023-08-04,Ola,Transportation,184.98,Cash,Gurugram,Expense,-114915.78,2023,8,August,Q3,Friday,0
100741,2023-08-05,Gift Shop,Miscellaneous,767.14,UPI,Hyderabad,Expense,-115682.92,2023,8,August,Q3,Saturday,1
100742,2023-08-05,Flipkart,Shopping,2182.11,Net Banking,Mumbai,Expense,-117865.03,2023,8,August,Q3,Saturday,1
100743,2023-08-05,Gift Shop,Miscellaneous,617.9,Credit Card,Noida,Expense,-118482.93,2023,8,August,Q3,Saturday,1
100744,2023-08-05,Gate Academy,Education,314.51,Credit Card,Noida,Expense,-118797.44,2023,8,August,Q3,Saturday,1
100745,2023-08-05,Chaayos,Food & Dining,190.91,Net Banking,Noida,Expense,-118988.35,2023,8,August,Q3,Saturday,1
100746,2023-08-06,Rapido,Transportation,44.45,Credit Card,Mumbai,Expense,-119032.8,2023,8,August,Q3,Sunday,1
100747,2023-08-06,Zomato,Food & Dining,264.32,Net Banking,New Delhi,Expense,-119297.12,2023,8,August,Q3,Sunday,1
100748,2023-08-06,Uber,Transportation,70.59,Net Banking,Noida,Expense,-119367.71,2023,8,August,Q3,Sunday,1
100749,2023-08-06,Burger King,Food & Dining,149.73,Cash,Hyderabad,Expense,-119517.44,2023,8,August,Q3,Sunday,1
100750,2023-08-06,BSES,Bills,661.89,Net Banking,Hyderabad,Expense,-120179.33,2023,8,August,Q3,Sunday,1
100751,2023-08-07,Domino's,Food & Dining,260.97,Credit Card,Gurugram,Expense,-120440.3,2023,8,August,Q3,Monday,0
100752,2023-08-07,Burger King,Food & Dining,280.79,Cash,Noida,Expense,-120721.09,2023,8,August,Q3,Monday,0
100753,2023-08-07,BookMyShow,Entertainment,608.16,Net Banking,Noida,Expense,-121329.25,2023,8,August,Q3,Monday,0
100754,2023-08-07,Zomato,Food & Dining,253.74,Credit Card,Noida,Expense,-121582.99,2023,8,August,Q3,Monday,0
100755,2023-08-08,BigBasket,Groceries,581.22,Cash,Unknown,Expense,-122164.21,2023,8,August,Q3,Tuesday,0
100756,2023-08-08,Swiggy,Food & Dining,285.6,Debit Card,Gurugram,Expense,-122449.81,2023,8,August,Q3,Tuesday,0
100757,2023-08-09,Spotify,Entertainment,386.45,Credit Card,New Delhi,Expense,-122836.26,2023,8,August,Q3,Wednesday,0
100758,2023-08-10,Stationery,Miscellaneous,298.3,Net Banking,Hyderabad,Expense,-123134.56,2023,8,August,Q3,Thursday,0
100759,2023-08-11,Domino's,Food & Dining,261.3,UPI,Noida,Expense,-123395.86,2023,8,August,Q3,Friday,0
100760,2023-08-11,Printing Shop,Miscellaneous,504.62,Cash,Online,Expense,-123900.48,2023,8,August,Q3,Friday,0
100761,2023-08-11,Hostel Laundry,Bills,380.52,Credit Card,New Delhi,Expense,-124281.0,2023,8,August,Q3,Friday,0
100762,2023-08-11,DMart,Groceries,453.34,Cash,Mumbai,Expense,-124734.34,2023,8,August,Q3,Friday,0
100763,2023-08-11,Domino's,Food & Dining,236.76,Credit Card,Mumbai,Expense,-124971.1,2023,8,August,Q3,Friday,0
100764,2023-08-11,Blinkit,Groceries,423.37,Credit Card,New Delhi,Expense,-125394.47,2023,8,August,Q3,Friday,0
100765,2023-08-12,Jio,Bills,419.64,Net Banking,Hyderabad,Expense,-125814.11,2023,8,August,Q3,Saturday,1
100766,2023-08-12,DMart,Groceries,217.92,Credit Card,Hyderabad,Expense,-126032.03,2023,8,August,Q3,Saturday,1
100767,2023-08-13,BookMyShow,Entertainment,112.44,UPI,Hyderabad,Expense,-126144.47,2023,8,August,Q3,Sunday,1
100768,2023-08-13,Gift Shop,Miscellaneous,744.86,Debit Card,Hyderabad,Expense,-126889.33,2023,8,August,Q3,Sunday,1
100769,2023-08-13,Chaayos,Food & Dining,237.11,Net Banking,Noida,Expense,-127126.44,2023,8,August,Q3,Sunday,1
100770,2023-08-13,Jio,Bills,352.8,UPI,New Delhi,Expense,-127479.24,2023,8,August,Q3,Sunday,1
100771,2023-08-14,BookMyShow,Entertainment,487.26,Net Banking,Noida,Expense,-127966.5,2023,8,August,Q3,Monday,0
100772,2023-08-15,Apollo Pharmacy,Health,767.92,Debit Card,New Delhi,Expense,-128734.42,2023,8,August,Q3,Tuesday,0
100773,2023-08-15,Groww,Investment,2926.23,Credit Card,Online,Expense,-131660.65,2023,8,August,Q3,Tuesday,0
100774,2023-08-16,McDonald's,Food & Dining,277.9,Cash,Gurugram,Expense,-131938.55,2023,8,August,Q3,Wednesday,0
100775,2023-08-16,Gift Shop,Miscellaneous,411.14,Credit Card,Hyderabad,Expense,-132349.69,2023,8,August,Q3,Wednesday,0
100776,2023-08-16,Chaayos,Food & Dining,243.76,Cash,Noida,Expense,-132593.45,2023,8,August,Q3,Wednesday,0
100777,2023-08-17,BSES,Bills,1075.08,Net Banking,Gurugram,Expense,-133668.53,2023,8,August,Q3,Thursday,0
100778,2023-08-17,BigBasket,Groceries,362.12,Net Banking,Hyderabad,Expense,-134030.65,2023,8,August,Q3,Thursday,0
100779,2023-08-17,Chaayos,Food & Dining,260.52,Debit Card,Online,Expense,-134291.17,2023,8,August,Q3,Thursday,0
100780,2023-08-17,Gift Shop,Miscellaneous,676.6,Cash,Noida,Expense,-134967.77,2023,8,August,Q3,Thursday,0
100781,2023-08-17,Campus Canteen,Food & Dining,312.09,Cash,Noida,Expense,-135279.86,2023,8,August,Q3,Thursday,0
100782,2023-08-18,Delhi Metro,Transportation,118.56,Credit Card,Noida,Expense,-135398.42,2023,8,August,Q3,Friday,0
100783,2023-08-18,Delhi Metro,Transportation,201.68,UPI,Mumbai,Expense,-135600.1,2023,8,August,Q3,Friday,0
100784,2023-08-18,Gate Academy,Education,1513.51,Credit Card,Gurugram,Expense,-137113.61,2023,8,August,Q3,Friday,0
100785,2023-08-19,Delhi Metro,Transportation,225.03,Credit Card,Online,Expense,-137338.64,2023,8,August,Q3,Saturday,1
100786,2023-08-20,Uber,Transportation,177.75,Debit Card,Online,Expense,-137516.39,2023,8,August,Q3,Sunday,1
100787,2023-08-20,Stationery,Miscellaneous,125.03,Credit Card,Gurugram,Expense,-137641.42,2023,8,August,Q3,Sunday,1
100788,2023-08-20,Airtel,Bills,295.16,Net Banking,Hyderabad,Expense,-137936.58,2023,8,August,Q3,Sunday,1
100789,2023-08-21,Netflix,Entertainment,132.55,Cash,Online,Expense,-138069.13,2023,8,August,Q3,Monday,0
100790,2023-08-21,Stationery,Miscellaneous,751.63,Credit Card,Noida,Expense,-138820.76,2023,8,August,Q3,Monday,0
100791,2023-08-21,Tata 1mg,Health,1297.87,Net Banking,Hyderabad,Expense,-140118.63,2023,8,August,Q3,Monday,0
100792,2023-08-21,Ola,Transportation,75.28,UPI,Mumbai,Expense,-140193.91,2023,8,August,Q3,Monday,0
100793,2023-08-21,Reliance Fresh,Groceries,182.89,Debit Card,Hyderabad,Expense,-140376.8,2023,8,August,Q3,Monday,0
100794,2023-08-21,Jio,Bills,331.86,Cash,New Delhi,Expense,-140708.66,2023,8,August,Q3,Monday,0
100795,2023-08-21,Blinkit,Groceries,280.39,Debit Card,Hyderabad,Expense,-140989.05,2023,8,August,Q3,Monday,0
100796,2023-08-21,Airtel,Bills,277.24,Net Banking,Noida,Expense,-141266.29,2023,8,August,Q3,Monday,0
100797,2023-08-22,Reliance Fresh,Groceries,223.08,UPI,Gurugram,Expense,-141489.37,2023,8,August,Q3,Tuesday,0
100798,2023-08-22,Blinkit,Groceries,577.98,Net Banking,Gurugram,Expense,-142067.35,2023,8,August,Q3,Tuesday,0
100799,2023-08-22,Flipkart,Shopping,412.27,UPI,Online,Expense,-142479.62,2023,8,August,Q3,Tuesday,0
100800,2023-08-22,NPS,Investment,860.19,Debit Card,New Delhi,Expense,-143339.81,2023,8,August,Q3,Tuesday,0
100801,2023-08-22,Unknown Merchant,Bills,180.46,Debit Card,New Delhi,Expense,-143520.27,2023,8,August,Q3,Tuesday,0
100802,2023-08-22,BigBasket,Groceries,396.26,Net Banking,Noida,Expense,-143916.53,2023,8,August,Q3,Tuesday,0
100803,2023-08-22,Spotify,Entertainment,165.23,Net Banking,Hyderabad,Expense,-144081.76,2023,8,August,Q3,Tuesday,0
100804,2023-08-23,DMart,Groceries,627.66,Debit Card,Hyderabad,Expense,-144709.42,2023,8,August,Q3,Wednesday,0
100805,2023-08-23,Rapido,Transportation,200.7,Debit Card,Gurugram,Expense,-144910.12,2023,8,August,Q3,Wednesday,0
100806,2023-08-24,Spotify,Entertainment,237.53,Debit Card,Online,Expense,-145147.65,2023,8,August,Q3,Thursday,0
100807,2023-08-24,Chaayos,Food & Dining,303.76,Cash,Mumbai,Expense,-145451.41,2023,8,August,Q3,Thursday,0
100808,2023-08-24,Burger King,Food & Dining,81.59,UPI,Mumbai,Expense,-145533.0,2023,8,August,Q3,Thursday,0
100809,2023-08-24,NPS,Investment,2094.06,Debit Card,New Delhi,Expense,-147627.06,2023,8,August,Q3,Thursday,0
100810,2023-08-25,Unknown Merchant,Shopping,996.94,Debit Card,Mumbai,Expense,-148624.0,2023,8,August,Q3,Friday,0
100811,2023-08-25,IndiGo,Travel,7386.14,Debit Card,Online,Expense,-156010.14,2023,8,August,Q3,Friday,0
100812,2023-08-25,DMart,Groceries,571.0,UPI,Mumbai,Expense,-156581.14,2023,8,August,Q3,Friday,0
100813,2023-08-25,Burger King,Food & Dining,105.91,Net Banking,New Delhi,Expense,-156687.05,2023,8,August,Q3,Friday,0
100814,2023-08-25,Ajio,Shopping,2268.18,Net Banking,Online,Expense,-158955.23,2023,8,August,Q3,Friday,0
100815,2023-08-26,BigBasket,Groceries,769.43,Net Banking,Hyderabad,Expense,-159724.66,2023,8,August,Q3,Saturday,1
100816,2023-08-26,Delhi Metro,Transportation,165.74,Net Banking,Hyderabad,Expense,-159890.4,2023,8,August,Q3,Saturday,1
100817,2023-08-26,Campus Canteen,Food & Dining,291.76,Debit Card,Mumbai,Expense,-160182.16,2023,8,August,Q3,Saturday,1
100818,2023-08-26,Coursera,Education,1139.02,Cash,Gurugram,Expense,-161321.18,2023,8,August,Q3,Saturday,1
100819,2023-08-26,Chaayos,Food & Dining,281.62,Net Banking,Gurugram,Expense,-161602.8,2023,8,August,Q3,Saturday,1
100820,2023-08-27,Stationery,Miscellaneous,180.24,UPI,Online,Expense,-161783.04,2023,8,August,Q3,Sunday,1
100821,2023-08-27,BookMyShow,Entertainment,122.61,UPI,Hyderabad,Expense,-161905.65,2023,8,August,Q3,Sunday,1
100822,2023-08-27,Domino's,Food & Dining,139.61,Credit Card,New Delhi,Expense,-162045.26,2023,8,August,Q3,Sunday,1
100823,2023-08-27,Gift Shop,Miscellaneous,441.03,Debit Card,Hyderabad,Expense,-162486.29,2023,8,August,Q3,Sunday,1
100824,2023-08-28,Sbi Savings,Interest,240.37,Net Banking,Online,Income,-162245.92,2023,8,August,Q3,Monday,0
100825,2023-08-28,Flipkart,Shopping,1913.86,Net Banking,Online,Expense,-164159.78,2023,8,August,Q3,Monday,0
100826,2023-08-28,Swiggy,Food & Dining,295.91,Net Banking,Online,Expense,-164455.69,2023,8,August,Q3,Monday,0
100827,2023-08-28,Reliance Fresh,Groceries,574.36,Cash,Gurugram,Expense,-165030.05,2023,8,August,Q3,Monday,0
100828,2023-08-28,BigBasket,Groceries,414.67,Cash,Online,Expense,-165444.72,2023,8,August,Q3,Monday,0
100829,2023-09-01,IIT Delhi,Salary/Stipend,14222.26,Net Banking,New Delhi,Income,-151222.46,2023,9,September,Q3,Friday,0
100830,2023-09-02,Parents,Family Support,38952.86,Net Banking,Hyderabad,Income,-112269.6,2023,9,September,Q3,Saturday,1
100831,2023-09-02,McDonald's,Food & Dining,311.8,UPI,Mumbai,Expense,-112581.4,2023,9,September,Q3,Saturday,1
100832,2023-09-03,Groww,Investment,513.23,Cash,Hyderabad,Expense,-113094.63,2023,9,September,Q3,Sunday,1
100833,2023-09-03,McDonald's,Food & Dining,107.81,Net Banking,New Delhi,Expense,-113202.44,2023,9,September,Q3,Sunday,1
100834,2023-09-03,Stationery,Miscellaneous,73.8,Net Banking,Gurugram,Expense,-113276.24,2023,9,September,Q3,Sunday,1
100835,2023-09-04,Unknown Merchant,Rent,5545.06,UPI,New Delhi,Expense,-118821.3,2023,9,September,Q3,Monday,0
100836,2023-09-04,Campus Canteen,Food & Dining,313.23,Credit Card,Online,Expense,-119134.53,2023,9,September,Q3,Monday,0
100837,2023-09-04,Spotify,Entertainment,764.47,Net Banking,Online,Expense,-119899.0,2023,9,September,Q3,Monday,0
100838,2023-09-04,Uber,Transportation,113.64,Net Banking,Gurugram,Expense,-120012.64,2023,9,September,Q3,Monday,0
100839,2023-09-04,Gift Shop,Miscellaneous,334.57,Debit Card,Hyderabad,Expense,-120347.21,2023,9,September,Q3,Monday,0
100840,2023-09-04,Zerodha,Investment,555.33,Debit Card,Noida,Expense,-120902.54,2023,9,September,Q3,Monday,0
100841,2023-09-04,Flipkart,Shopping,2113.57,Cash,Online,Expense,-123016.11,2023,9,September,Q3,Monday,0
100842,2023-09-05,McDonald's,Food & Dining,338.97,UPI,Noida,Expense,-123355.08,2023,9,September,Q3,Tuesday,0
100843,2023-09-05,Jio,Bills,610.13,Debit Card,Online,Expense,-123965.21,2023,9,September,Q3,Tuesday,0
100844,2023-09-05,Spotify,Entertainment,410.21,Net Banking,Noida,Expense,-124375.42,2023,9,September,Q3,Tuesday,0
100845,2023-09-06,BigBasket,Groceries,568.17,Net Banking,Hyderabad,Expense,-124943.59,2023,9,September,Q3,Wednesday,0
100846,2023-09-06,Zerodha,Investment,1357.74,Cash,Noida,Expense,-126301.33,2023,9,September,Q3,Wednesday,0
100847,2023-09-06,Groww,Investment,1534.97,Credit Card,Mumbai,Expense,-127836.3,2023,9,September,Q3,Wednesday,0
100848,2023-09-06,NPS,Investment,2244.06,Net Banking,Online,Expense,-130080.36,2023,9,September,Q3,Wednesday,0
100849,2023-09-07,McDonald's,Food & Dining,281.46,Credit Card,Noida,Expense,-130361.82,2023,9,September,Q3,Thursday,0
100850,2023-09-07,Spotify,Entertainment,710.92,Credit Card,Noida,Expense,-131072.74,2023,9,September,Q3,Thursday,0
100851,2023-09-07,McDonald's,Food & Dining,348.52,UPI,Hyderabad,Expense,-131421.26,2023,9,September,Q3,Thursday,0
100852,2023-09-07,Domino's,Food & Dining,252.4,UPI,Mumbai,Expense,-131673.66,2023,9,September,Q3,Thursday,0
100853,2023-09-08,Delhi Metro,Transportation,34.74,UPI,Hyderabad,Expense,-131708.4,2023,9,September,Q3,Friday,0
100854,2023-09-08,Campus Canteen,Food & Dining,89.74,UPI,Noida,Expense,-131798.14,2023,9,September,Q3,Friday,0
100855,2023-09-08,Delhi Metro,Transportation,117.12,Debit Card,Mumbai,Expense,-131915.26,2023,9,September,Q3,Friday,0
100856,2023-09-08,Stationery,Miscellaneous,595.33,Credit Card,New Delhi,Expense,-132510.59,2023,9,September,Q3,Friday,0
100857,2023-09-09,Jio,Bills,698.1,UPI,Mumbai,Expense,-133208.69,2023,9,September,Q3,Saturday,1
100858,2023-09-09,Rapido,Transportation,104.1,Credit Card,Online,Expense,-133312.79,2023,9,September,Q3,Saturday,1
100859,2023-09-09,Flipkart,Shopping,671.09,Debit Card,Online,Expense,-133983.88,2023,9,September,Q3,Saturday,1
100860,2023-09-09,Unknown Merchant,Food & Dining,138.18,UPI,Online,Expense,-134122.06,2023,9,September,Q3,Saturday,1
100861,2023-09-09,MakeMyTrip,Travel,4646.26,Cash,Noida,Expense,-138768.32,2023,9,September,Q3,Saturday,1
100862,2023-09-10,Blinkit,Groceries,406.43,Net Banking,Online,Expense,-139174.75,2023,9,September,Q3,Sunday,1
100863,2023-09-11,Ajio,Shopping,1085.19,Net Banking,Gurugram,Expense,-140259.94,2023,9,September,Q3,Monday,0
100864,2023-09-11,Stationery,Miscellaneous,419.0,Credit Card,New Delhi,Expense,-140678.94,2023,9,September,Q3,Monday,0
100865,2023-09-12,Apollo Pharmacy,Health,910.14,Net Banking,Gurugram,Expense,-141589.08,2023,9,September,Q3,Tuesday,0
100866,2023-09-12,Rapido,Transportation,193.01,Debit Card,Online,Expense,-141782.09,2023,9,September,Q3,Tuesday,0
100867,2023-09-12,PVR Cinemas,Entertainment,281.84,Debit Card,New Delhi,Expense,-142063.93,2023,9,September,Q3,Tuesday,0
100868,2023-09-12,Hostel Laundry,Bills,440.63,Net Banking,Noida,Expense,-142504.56,2023,9,September,Q3,Tuesday,0
100869,2023-09-12,Ajio,Shopping,1244.19,Debit Card,Noida,Expense,-143748.75,2023,9,September,Q3,Tuesday,0
100870,2023-09-13,Burger King,Food & Dining,183.77,Net Banking,Gurugram,Expense,-143932.52,2023,9,September,Q3,Wednesday,0
100871,2023-09-13,Domino's,Food & Dining,154.5,Cash,Online,Expense,-144087.02,2023,9,September,Q3,Wednesday,0
100872,2023-09-13,Burger King,Food & Dining,199.55,Cash,Noida,Expense,-144286.57,2023,9,September,Q3,Wednesday,0
100873,2023-09-13,Reliance Fresh,Groceries,343.36,Credit Card,Gurugram,Expense,-144629.93,2023,9,September,Q3,Wednesday,0
100874,2023-09-13,BSES,Bills,192.74,Credit Card,Noida,Expense,-144822.67,2023,9,September,Q3,Wednesday,0
100875,2023-09-13,Chaayos,Food & Dining,279.02,Cash,Noida,Expense,-145101.69,2023,9,September,Q3,Wednesday,0
100876,2023-09-13,Printing Shop,Miscellaneous,206.34,Debit Card,Gurugram,Expense,-145308.03,2023,9,September,Q3,Wednesday,0
100877,2023-09-14,Spotify,Entertainment,666.17,UPI,Noida,Expense,-145974.2,2023,9,September,Q3,Thursday,0
100878,2023-09-15,McDonald's,Food & Dining,340.03,Net Banking,New Delhi,Expense,-146314.23,2023,9,September,Q3,Friday,0
100879,2023-09-15,BookMyShow,Entertainment,772.87,Net Banking,New Delhi,Expense,-147087.1,2023,9,September,Q3,Friday,0
100880,2023-09-15,Air India,Travel,5797.19,UPI,New Delhi,Expense,-152884.29,2023,9,September,Q3,Friday,0
100881,2023-09-15,BSES,Bills,398.37,Net Banking,Hyderabad,Expense,-153282.66,2023,9,September,Q3,Friday,0
100882,2023-09-15,Burger King,Food & Dining,109.8,Cash,Gurugram,Expense,-153392.46,2023,9,September,Q3,Friday,0
100883,2023-09-16,Blinkit,Groceries,156.24,Debit Card,New Delhi,Expense,-153548.7,2023,9,September,Q3,Saturday,1
100884,2023-09-16,Spotify,Entertainment,149.97,Credit Card,Gurugram,Expense,-153698.67,2023,9,September,Q3,Saturday,1
100885,2023-09-17,Netflix,Entertainment,104.98,Net Banking,New Delhi,Expense,-153803.65,2023,9,September,Q3,Sunday,1
100886,2023-09-17,Campus Canteen,Food & Dining,241.87,Credit Card,Hyderabad,Expense,-154045.52,2023,9,September,Q3,Sunday,1
100887,2023-09-17,Delhi Metro,Transportation,46.91,Net Banking,Hyderabad,Expense,-154092.43,2023,9,September,Q3,Sunday,1
100888,2023-09-17,BigBasket,Groceries,888.3,Cash,Noida,Expense,-154980.73,2023,9,September,Q3,Sunday,1
100889,2023-09-17,BookMyShow,Entertainment,189.77,Cash,Hyderabad,Expense,-155170.5,2023,9,September,Q3,Sunday,1
100890,2023-09-18,Uber,Transportation,101.21,Debit Card,Noida,Expense,-155271.71,2023,9,September,Q3,Monday,0
100891,2023-09-18,Gift Shop,Miscellaneous,653.07,Cash,Noida,Expense,-155924.78,2023,9,September,Q3,Monday,0
100892,2023-09-18,Rapido,Transportation,114.7,Cash,Noida,Expense,-156039.48,2023,9,September,Q3,Monday,0
100893,2023-09-19,Domino's,Food & Dining,195.04,Debit Card,Hyderabad,Expense,-156234.52,2023,9,September,Q3,Tuesday,0
100894,2023-09-19,BigBasket,Groceries,891.38,Cash,Mumbai,Expense,-157125.9,2023,9,September,Q3,Tuesday,0
100895,2023-09-19,Delhi Metro,Transportation,210.85,Debit Card,Gurugram,Expense,-157336.75,2023,9,September,Q3,Tuesday,0
100896,2023-09-19,Campus Canteen,Food & Dining,115.41,Credit Card,New Delhi,Expense,-157452.16,2023,9,September,Q3,Tuesday,0
100897,2023-09-19,Hostel Laundry,Bills,799.44,Net Banking,Mumbai,Expense,-158251.6,2023,9,September,Q3,Tuesday,0
100898,2023-09-20,Netflix,Entertainment,660.6,Credit Card,Online,Expense,-158912.2,2023,9,September,Q3,Wednesday,0
100899,2023-09-20,Stationery,Miscellaneous,547.57,Net Banking,New Delhi,Expense,-159459.77,2023,9,September,Q3,Wednesday,0
100900,2023-09-20,Spotify,Entertainment,658.58,UPI,Hyderabad,Expense,-160118.35,2023,9,September,Q3,Wednesday,0
100901,2023-09-21,Delhi Metro,Transportation,92.1,Debit Card,Hyderabad,Expense,-160210.45,2023,9,September,Q3,Thursday,0
100902,2023-09-21,McDonald's,Food & Dining,110.49,Debit Card,New Delhi,Expense,-160320.94,2023,9,September,Q3,Thursday,0
100903,2023-09-22,Unknown Merchant,Transportation,100.75,Net Banking,Hyderabad,Expense,-160421.69,2023,9,September,Q3,Friday,0
100904,2023-09-24,Airtel,Bills,669.52,UPI,Hyderabad,Expense,-161091.21,2023,9,September,Q3,Sunday,1
100905,2023-09-24,Delhi Metro,Transportation,111.75,UPI,Hyderabad,Expense,-161202.96,2023,9,September,Q3,Sunday,1
100906,2023-09-24,Gift Shop,Miscellaneous,415.62,UPI,Online,Expense,-161618.58,2023,9,September,Q3,Sunday,1
100907,2023-09-24,Campus Canteen,Food & Dining,147.94,UPI,Noida,Expense,-161766.52,2023,9,September,Q3,Sunday,1
100908,2023-09-24,Burger King,Food & Dining,276.62,Net Banking,New Delhi,Expense,-162043.14,2023,9,September,Q3,Sunday,1
100909,2023-09-25,Ola,Transportation,78.54,UPI,Gurugram,Expense,-162121.68,2023,9,September,Q3,Monday,0
100910,2023-09-25,Stationery,Miscellaneous,498.1,Cash,Online,Expense,-162619.78,2023,9,September,Q3,Monday,0
100911,2023-09-25,Amazon,Shopping,1051.06,UPI,New Delhi,Expense,-163670.84,2023,9,September,Q3,Monday,0
100912,2023-09-25,BSES,Bills,692.28,Debit Card,Gurugram,Expense,-164363.12,2023,9,September,Q3,Monday,0
100913,2023-09-25,Swiggy,Food & Dining,187.19,UPI,Gurugram,Expense,-164550.31,2023,9,September,Q3,Monday,0
100914,2023-09-26,Delhi Metro,Transportation,67.25,Cash,Gurugram,Expense,-164617.56,2023,9,September,Q3,Tuesday,0
100915,2023-09-26,Burger King,Food & Dining,309.65,Debit Card,Noida,Expense,-164927.21,2023,9,September,Q3,Tuesday,0
100916,2023-09-27,Unknown Merchant,Transportation,20.02,Debit Card,Gurugram,Expense,-164947.23,2023,9,September,Q3,Wednesday,0
100917,2023-09-28,Upwork Client,Freelance,10220.7,Net Banking,New Delhi,Income,-154726.53,2023,9,September,Q3,Thursday,0
100918,2023-09-28,Campus Canteen,Food & Dining,173.77,Net Banking,Online,Expense,-154900.3,2023,9,September,Q3,Thursday,0
100919,2023-09-28,Delhi Metro,Transportation,50.93,Cash,Gurugram,Expense,-154951.23,2023,9,September,Q3,Thursday,0
100920,2023-09-28,Airtel,Bills,728.8,UPI,Noida,Expense,-155680.03,2023,9,September,Q3,Thursday,0
100921,2023-09-28,Domino's,Food & Dining,259.16,Cash,Online,Expense,-155939.19,2023,9,September,Q3,Thursday,0
100922,2023-10-01,IIT Delhi,Salary/Stipend,13004.16,Net Banking,New Delhi,Income,-142935.03,2023,10,October,Q4,Sunday,1
100923,2023-10-02,Parents,Family Support,36693.94,Net Banking,Hyderabad,Income,-106241.09,2023,10,October,Q4,Monday,0
100924,2023-10-02,BSES,Bills,749.33,Credit Card,Hyderabad,Expense,-106990.42,2023,10,October,Q4,Monday,0
100925,2023-10-02,Flipkart,Shopping,714.8,Debit Card,New Delhi,Expense,-107705.22,2023,10,October,Q4,Monday,0
100926,2023-10-02,BSES,Bills,829.88,Credit Card,New Delhi,Expense,-108535.1,2023,10,October,Q4,Monday,0
100927,2023-10-02,McDonald's,Food & Dining,132.18,UPI,Gurugram,Expense,-108667.28,2023,10,October,Q4,Monday,0
100928,2023-10-02,Zomato,Food & Dining,203.36,Net Banking,Hyderabad,Expense,-108870.64,2023,10,October,Q4,Monday,0
100929,2023-10-03,Burger King,Food & Dining,298.99,Cash,Hyderabad,Expense,-109169.63,2023,10,October,Q4,Tuesday,0
100930,2023-10-03,Spotify,Entertainment,502.68,Cash,Gurugram,Expense,-109672.31,2023,10,October,Q4,Tuesday,0
100931,2023-10-03,Uber,Transportation,232.55,Cash,Online,Expense,-109904.86,2023,10,October,Q4,Tuesday,0
100932,2023-10-03,DMart,Groceries,634.58,Net Banking,Hyderabad,Expense,-110539.44,2023,10,October,Q4,Tuesday,0
100933,2023-10-04,Hostel Fee,Rent,4634.22,UPI,New Delhi,Expense,-115173.66,2023,10,October,Q4,Wednesday,0
100934,2023-10-04,Uber,Transportation,94.07,UPI,Noida,Expense,-115267.73,2023,10,October,Q4,Wednesday,0
100935,2023-10-04,McDonald's,Food & Dining,88.44,Credit Card,New Delhi,Expense,-115356.17,2023,10,October,Q4,Wednesday,0
100936,2023-10-05,Printing Shop,Miscellaneous,624.3,Debit Card,Gurugram,Expense,-115980.47,2023,10,October,Q4,Thursday,0
100937,2023-10-05,Reliance Fresh,Groceries,305.07,Credit Card,Gurugram,Expense,-116285.54,2023,10,October,Q4,Thursday,0
100938,2023-10-05,Gift Shop,Miscellaneous,723.98,Credit Card,Mumbai,Expense,-117009.52,2023,10,October,Q4,Thursday,0
100939,2023-10-05,Tata 1mg,Health,1283.39,Cash,Gurugram,Expense,-118292.91,2023,10,October,Q4,Thursday,0
100940,2023-10-07,Printing Shop,Miscellaneous,59.81,Cash,New Delhi,Expense,-118352.72,2023,10,October,Q4,Saturday,1
100941,2023-10-07,Burger King,Food & Dining,184.04,Credit Card,Hyderabad,Expense,-118536.76,2023,10,October,Q4,Saturday,1
100942,2023-10-07,Ola,Transportation,190.2,Net Banking,Hyderabad,Expense,-118726.96,2023,10,October,Q4,Saturday,1
100943,2023-10-08,Hostel Fee,Rent,5286.37,Debit Card,Online,Expense,-124013.33,2023,10,October,Q4,Sunday,1
100944,2023-10-08,Gift Shop,Miscellaneous,700.08,Cash,New Delhi,Expense,-124713.41,2023,10,October,Q4,Sunday,1
100945,2023-10-09,Burger King,Food & Dining,159.83,Debit Card,Online,Expense,-124873.24,2023,10,October,Q4,Monday,0
100946,2023-10-09,BigBasket,Groceries,267.08,Net Banking,Noida,Expense,-125140.32,2023,10,October,Q4,Monday,0
100947,2023-10-09,Netflix,Entertainment,483.71,Cash,Hyderabad,Expense,-125624.03,2023,10,October,Q4,Monday,0
100948,2023-10-10,Swiggy,Food & Dining,116.47,Debit Card,Noida,Expense,-125740.5,2023,10,October,Q4,Tuesday,0
100949,2023-10-10,Rapido,Transportation,204.98,Cash,New Delhi,Expense,-125945.48,2023,10,October,Q4,Tuesday,0
100950,2023-10-10,Burger King,Food & Dining,121.24,Debit Card,Online,Expense,-126066.72,2023,10,October,Q4,Tuesday,0
100951,2023-10-11,DMart,Groceries,664.46,UPI,Gurugram,Expense,-126731.18,2023,10,October,Q4,Wednesday,0
100952,2023-10-11,Netflix,Entertainment,203.61,Cash,Hyderabad,Expense,-126934.79,2023,10,October,Q4,Wednesday,0
100953,2023-10-11,Apollo Pharmacy,Health,1659.09,Net Banking,Hyderabad,Expense,-128593.88,2023,10,October,Q4,Wednesday,0
100954,2023-10-11,Groww,Investment,795.97,UPI,Gurugram,Expense,-129389.85,2023,10,October,Q4,Wednesday,0
100955,2023-10-12,Blinkit,Groceries,629.19,Debit Card,Mumbai,Expense,-130019.04,2023,10,October,Q4,Thursday,0
100956,2023-10-12,Hostel Fee,Rent,5164.52,Net Banking,Gurugram,Expense,-135183.56,2023,10,October,Q4,Thursday,0
100957,2023-10-12,Uber,Transportation,63.81,Debit Card,Noida,Expense,-135247.37,2023,10,October,Q4,Thursday,0
100958,2023-10-12,Delhi Metro,Transportation,56.11,Debit Card,Mumbai,Expense,-135303.48,2023,10,October,Q4,Thursday,0
100959,2023-10-13,PVR Cinemas,Entertainment,114.95,Credit Card,Gurugram,Expense,-135418.43,2023,10,October,Q4,Friday,0
100960,2023-10-13,Campus Canteen,Food & Dining,252.27,Credit Card,New Delhi,Expense,-135670.7,2023,10,October,Q4,Friday,0
100961,2023-10-13,Campus Canteen,Food & Dining,253.27,Cash,Hyderabad,Expense,-135923.97,2023,10,October,Q4,Friday,0
100962,2023-10-13,Printing Shop,Miscellaneous,56.25,Debit Card,Mumbai,Expense,-135980.22,2023,10,October,Q4,Friday,0
100963,2023-10-13,Campus Canteen,Food & Dining,172.28,Credit Card,New Delhi,Expense,-136152.5,2023,10,October,Q4,Friday,0
100964,2023-10-14,LeetCode,Education,1210.89,Cash,Mumbai,Expense,-137363.39,2023,10,October,Q4,Saturday,1
100965,2023-10-15,LeetCode,Education,1367.66,Net Banking,Mumbai,Expense,-138731.05,2023,10,October,Q4,Sunday,1
100966,2023-10-15,Chaayos,Food & Dining,337.77,Net Banking,Online,Expense,-139068.82,2023,10,October,Q4,Sunday,1
100967,2023-10-15,Zerodha,Investment,974.63,Debit Card,Gurugram,Expense,-140043.45,2023,10,October,Q4,Sunday,1
100968,2023-10-17,Swiggy,Food & Dining,246.57,UPI,Gurugram,Expense,-140290.02,2023,10,October,Q4,Tuesday,0
100969,2023-10-17,Swiggy,Food & Dining,138.29,UPI,Mumbai,Expense,-140428.31,2023,10,October,Q4,Tuesday,0
100970,2023-10-17,PVR Cinemas,Entertainment,484.98,Credit Card,Hyderabad,Expense,-140913.29,2023,10,October,Q4,Tuesday,0
100971,2023-10-17,Blinkit,Groceries,289.81,Net Banking,Mumbai,Expense,-141203.1,2023,10,October,Q4,Tuesday,0
100972,2023-10-17,Domino's,Food & Dining,146.8,Debit Card,Online,Expense,-141349.9,2023,10,October,Q4,Tuesday,0
100973,2023-10-17,Delhi Metro,Transportation,249.08,UPI,Mumbai,Expense,-141598.98,2023,10,October,Q4,Tuesday,0
100974,2023-10-18,Unknown Merchant,Groceries,575.03,Debit Card,Mumbai,Expense,-142174.01,2023,10,October,Q4,Wednesday,0
100975,2023-10-18,Ola,Transportation,29.47,Debit Card,Hyderabad,Expense,-142203.48,2023,10,October,Q4,Wednesday,0
100976,2023-10-18,Practo,Health,1072.29,UPI,Hyderabad,Expense,-143275.77,2023,10,October,Q4,Wednesday,0
100977,2023-10-18,Rapido,Transportation,189.09,Net Banking,Mumbai,Expense,-143464.86,2023,10,October,Q4,Wednesday,0
100978,2023-10-19,Reliance Fresh,Groceries,578.0,UPI,New Delhi,Expense,-144042.86,2023,10,October,Q4,Thursday,0
100979,2023-10-19,Rapido,Transportation,188.08,UPI,New Delhi,Expense,-144230.94,2023,10,October,Q4,Thursday,0
100980,2023-10-19,Zomato,Food & Dining,186.74,Net Banking,Unknown,Expense,-144417.68,2023,10,October,Q4,Thursday,0
100981,2023-10-19,Reliance Fresh,Groceries,284.16,Cash,New Delhi,Expense,-144701.84,2023,10,October,Q4,Thursday,0
100982,2023-10-20,Reliance Fresh,Groceries,800.75,UPI,Hyderabad,Expense,-145502.59,2023,10,October,Q4,Friday,0
100983,2023-10-20,Jio,Bills,500.48,Debit Card,Mumbai,Expense,-146003.07,2023,10,October,Q4,Friday,0
100984,2023-10-20,Spotify,Entertainment,484.16,UPI,Online,Expense,-146487.23,2023,10,October,Q4,Friday,0
100985,2023-10-20,Delhi Metro,Transportation,201.51,UPI,Online,Expense,-146688.74,2023,10,October,Q4,Friday,0
100986,2023-10-20,Jio,Bills,773.6,Credit Card,Mumbai,Expense,-147462.34,2023,10,October,Q4,Friday,0
100987,2023-10-20,DMart,Groceries,466.85,Net Banking,Noida,Expense,-147929.19,2023,10,October,Q4,Friday,0
100988,2023-10-21,Myntra,Shopping,1784.67,Net Banking,Noida,Expense,-149713.86,2023,10,October,Q4,Saturday,1
100989,2023-10-21,Amazon,Shopping,1310.99,Cash,New Delhi,Expense,-151024.85,2023,10,October,Q4,Saturday,1
100990,2023-10-21,Ajio,Shopping,1940.09,Cash,Online,Expense,-152964.94,2023,10,October,Q4,Saturday,1
100991,2023-10-22,Printing Shop,Miscellaneous,164.9,Cash,Online,Expense,-153129.84,2023,10,October,Q4,Sunday,1
100992,2023-10-22,Tata 1mg,Health,496.93,Credit Card,Mumbai,Expense,-153626.77,2023,10,October,Q4,Sunday,1
100993,2023-10-22,Printing Shop,Miscellaneous,440.54,Credit Card,Online,Expense,-154067.31,2023,10,October,Q4,Sunday,1
100994,2023-10-22,Groww,Investment,1056.39,Credit Card,New Delhi,Expense,-155123.7,2023,10,October,Q4,Sunday,1
100995,2023-10-23,Hostel Laundry,Bills,841.94,UPI,Noida,Expense,-155965.64,2023,10,October,Q4,Monday,0
100996,2023-10-23,DMart,Groceries,824.27,Net Banking,Mumbai,Expense,-156789.91,2023,10,October,Q4,Monday,0
100997,2023-10-23,Air India,Travel,6528.86,Cash,Hyderabad,Expense,-163318.77,2023,10,October,Q4,Monday,0
100998,2023-10-23,Chaayos,Food & Dining,266.76,Credit Card,Mumbai,Expense,-163585.53,2023,10,October,Q4,Monday,0
100999,2023-10-24,Hostel Laundry,Bills,296.79,UPI,Mumbai,Expense,-163882.32,2023,10,October,Q4,Tuesday,0
101000,2023-10-24,DMart,Groceries,447.82,Debit Card,Hyderabad,Expense,-164330.14,2023,10,October,Q4,Tuesday,0
101001,2023-10-24,Tata 1mg,Health,1348.25,Cash,Noida,Expense,-165678.39,2023,10,October,Q4,Tuesday,0
101002,2023-10-24,Tata 1mg,Health,1620.02,Credit Card,Noida,Expense,-167298.41,2023,10,October,Q4,Tuesday,0
101003,2023-10-24,BSES,Bills,1006.76,Cash,Hyderabad,Expense,-168305.17,2023,10,October,Q4,Tuesday,0
101004,2023-10-25,BigBasket,Groceries,310.45,Debit Card,Online,Expense,-168615.62,2023,10,October,Q4,Wednesday,0
101005,2023-10-25,Chaayos,Food & Dining,165.02,Debit Card,Hyderabad,Expense,-168780.64,2023,10,October,Q4,Wednesday,0
101006,2023-10-25,Ola,Transportation,180.51,Cash,Hyderabad,Expense,-168961.15,2023,10,October,Q4,Wednesday,0
101007,2023-10-25,Burger King,Food & Dining,129.88,Net Banking,Gurugram,Expense,-169091.03,2023,10,October,Q4,Wednesday,0
101008,2023-10-25,McDonald's,Food & Dining,101.46,Credit Card,Hyderabad,Expense,-169192.49,2023,10,October,Q4,Wednesday,0
101009,2023-10-26,Airtel,Bills,871.46,Credit Card,Online,Expense,-170063.95,2023,10,October,Q4,Thursday,0
101010,2023-10-26,Campus Canteen,Food & Dining,345.05,Debit Card,Online,Expense,-170409.0,2023,10,October,Q4,Thursday,0
101011,2023-10-26,IndiGo,Travel,9116.81,Cash,New Delhi,Expense,-179525.81,2023,10,October,Q4,Thursday,0
101012,2023-10-27,McDonald's,Food & Dining,341.13,Credit Card,Hyderabad,Expense,-179866.94,2023,10,October,Q4,Friday,0
101013,2023-10-27,Tata 1mg,Health,668.46,Cash,New Delhi,Expense,-180535.4,2023,10,October,Q4,Friday,0
101014,2023-10-27,Swiggy,Food & Dining,184.54,Net Banking,Gurugram,Expense,-180719.94,2023,10,October,Q4,Friday,0
101015,2023-10-28,Sbi Savings,Interest,40.16,Net Banking,Hyderabad,Income,-180679.78,2023,10,October,Q4,Saturday,1
101016,2023-10-28,Myntra,Shopping,2349.41,Cash,Noida,Expense,-183029.19,2023,10,October,Q4,Saturday,1
101017,2023-11-01,IIT Delhi,Salary/Stipend,16399.57,Net Banking,New Delhi,Income,-166629.62,2023,11,November,Q4,Wednesday,0
101018,2023-11-01,Burger King,Food & Dining,153.88,Net Banking,Hyderabad,Expense,-166783.5,2023,11,November,Q4,Wednesday,0
101019,2023-11-01,Zomato,Food & Dining,156.2,Cash,Mumbai,Expense,-166939.7,2023,11,November,Q4,Wednesday,0
101020,2023-11-01,Gate Academy,Education,1477.07,Cash,Hyderabad,Expense,-168416.77,2023,11,November,Q4,Wednesday,0
101021,2023-11-02,Parents,Family Support,27283.3,Net Banking,Hyderabad,Income,-141133.47,2023,11,November,Q4,Thursday,0
101022,2023-11-02,Netflix,Entertainment,352.13,Debit Card,Gurugram,Expense,-141485.6,2023,11,November,Q4,Thursday,0
101023,2023-11-02,Hostel Fee,Rent,4807.78,Cash,Mumbai,Expense,-146293.38,2023,11,November,Q4,Thursday,0
101024,2023-11-02,Swiggy,Food & Dining,323.89,Cash,New Delhi,Expense,-146617.27,2023,11,November,Q4,Thursday,0
101025,2023-11-02,Uber,Transportation,168.35,Credit Card,Noida,Expense,-146785.62,2023,11,November,Q4,Thursday,0
101026,2023-11-02,Unknown Merchant,Food & Dining,323.29,Net Banking,Gurugram,Expense,-147108.91,2023,11,November,Q4,Thursday,0
101027,2023-11-03,Rapido,Transportation,107.16,Net Banking,New Delhi,Expense,-147216.07,2023,11,November,Q4,Friday,0
101028,2023-11-03,Gift Shop,Miscellaneous,521.73,Net Banking,Mumbai,Expense,-147737.8,2023,11,November,Q4,Friday,0
101029,2023-11-03,BookMyShow,Entertainment,666.51,Net Banking,Noida,Expense,-148404.31,2023,11,November,Q4,Friday,0
101030,2023-11-03,Zomato,Food & Dining,320.28,Cash,Mumbai,Expense,-148724.59,2023,11,November,Q4,Friday,0
101031,2023-11-03,PVR Cinemas,Entertainment,772.29,Net Banking,New Delhi,Expense,-149496.88,2023,11,November,Q4,Friday,0
101032,2023-11-04,Hostel Fee,Rent,5794.01,UPI,New Delhi,Expense,-155290.89,2023,11,November,Q4,Saturday,1
101033,2023-11-04,BigBasket,Groceries,199.02,Cash,Online,Expense,-155489.91,2023,11,November,Q4,Saturday,1
101034,2023-11-04,Delhi Metro,Transportation,184.28,Net Banking,Mumbai,Expense,-155674.19,2023,11,November,Q4,Saturday,1
101035,2023-11-04,NPS,Investment,674.02,Net Banking,Online,Expense,-156348.21,2023,11,November,Q4,Saturday,1
101036,2023-11-05,Chaayos,Food & Dining,174.24,UPI,Mumbai,Expense,-156522.45,2023,11,November,Q4,Sunday,1
101037,2023-11-05,Hostel Fee,Rent,5030.78,Net Banking,Mumbai,Expense,-161553.23,2023,11,November,Q4,Sunday,1
101038,2023-11-05,Unknown Merchant,Rent,5505.1,UPI,Mumbai,Expense,-167058.33,2023,11,November,Q4,Sunday,1
101039,2023-11-06,Jio,Bills,641.75,Debit Card,Noida,Expense,-167700.08,2023,11,November,Q4,Monday,0
101040,2023-11-06,McDonald's,Food & Dining,145.8,Cash,New Delhi,Expense,-167845.88,2023,11,November,Q4,Monday,0
101041,2023-11-06,Rapido,Transportation,68.58,Credit Card,Noida,Expense,-167914.46,2023,11,November,Q4,Monday,0
101042,2023-11-06,Unknown Merchant,Bills,568.27,Net Banking,Online,Expense,-168482.73,2023,11,November,Q4,Monday,0
101043,2023-11-06,Burger King,Food & Dining,207.75,UPI,Mumbai,Expense,-168690.48,2023,11,November,Q4,Monday,0
101044,2023-11-07,Airtel,Bills,1002.13,Credit Card,Noida,Expense,-169692.61,2023,11,November,Q4,Tuesday,0
101045,2023-11-07,Uber,Transportation,68.26,UPI,Hyderabad,Expense,-169760.87,2023,11,November,Q4,Tuesday,0
101046,2023-11-07,PVR Cinemas,Entertainment,547.2,Credit Card,Noida,Expense,-170308.07,2023,11,November,Q4,Tuesday,0
101047,2023-11-08,Burger King,Food & Dining,242.03,Debit Card,Hyderabad,Expense,-170550.1,2023,11,November,Q4,Wednesday,0
101048,2023-11-08,Spotify,Entertainment,481.17,UPI,Mumbai,Expense,-171031.27,2023,11,November,Q4,Wednesday,0
101049,2023-11-10,Amazon,Shopping,901.86,Debit Card,Online,Expense,-171933.13,2023,11,November,Q4,Friday,0
101050,2023-11-11,Airtel,Bills,763.61,UPI,New Delhi,Expense,-172696.74,2023,11,November,Q4,Saturday,1
101051,2023-11-11,Delhi Metro,Transportation,160.03,Net Banking,Hyderabad,Expense,-172856.77,2023,11,November,Q4,Saturday,1
101052,2023-11-11,Uber,Transportation,136.54,UPI,Mumbai,Expense,-172993.31,2023,11,November,Q4,Saturday,1
101053,2023-11-11,Chaayos,Food & Dining,327.66,Debit Card,Online,Expense,-173320.97,2023,11,November,Q4,Saturday,1
101054,2023-11-11,Domino's,Food & Dining,264.01,Net Banking,Mumbai,Expense,-173584.98,2023,11,November,Q4,Saturday,1
101055,2023-11-11,Unknown Merchant,Education,1562.72,Debit Card,Gurugram,Expense,-175147.7,2023,11,November,Q4,Saturday,1
101056,2023-11-12,Unknown Merchant,Shopping,1418.09,Net Banking,New Delhi,Expense,-176565.79,2023,11,November,Q4,Sunday,1
101057,2023-11-12,Blinkit,Groceries,782.5,Credit Card,Gurugram,Expense,-177348.29,2023,11,November,Q4,Sunday,1
101058,2023-11-12,Reliance Fresh,Groceries,487.53,Credit Card,Online,Expense,-177835.82,2023,11,November,Q4,Sunday,1
101059,2023-11-12,Uber,Transportation,145.62,UPI,Hyderabad,Expense,-177981.44,2023,11,November,Q4,Sunday,1
101060,2023-11-13,Myntra Refund,Refund,424.68,UPI,Hyderabad,Income,-177556.76,2023,11,November,Q4,Monday,0
101061,2023-11-13,Ola,Transportation,27.17,Net Banking,Hyderabad,Expense,-177583.93,2023,11,November,Q4,Monday,0
101062,2023-11-13,Burger King,Food & Dining,223.44,Net Banking,Online,Expense,-177807.37,2023,11,November,Q4,Monday,0
101063,2023-11-13,Chaayos,Food & Dining,346.33,Credit Card,Gurugram,Expense,-178153.7,2023,11,November,Q4,Monday,0
101064,2023-11-14,Myntra,Shopping,3087.92,Debit Card,Hyderabad,Expense,-181241.62,2023,11,November,Q4,Tuesday,0
101065,2023-11-14,Delhi Metro,Transportation,236.97,UPI,Hyderabad,Expense,-181478.59,2023,11,November,Q4,Tuesday,0
101066,2023-11-14,Chaayos,Food & Dining,253.41,Cash,Mumbai,Expense,-181732.0,2023,11,November,Q4,Tuesday,0
101067,2023-11-15,Netflix,Entertainment,739.35,Net Banking,Hyderabad,Expense,-182471.35,2023,11,November,Q4,Wednesday,0
101068,2023-11-15,McDonald's,Food & Dining,161.57,Net Banking,Online,Expense,-182632.92,2023,11,November,Q4,Wednesday,0
101069,2023-11-16,McDonald's,Food & Dining,238.99,Cash,Online,Expense,-182871.91,2023,11,November,Q4,Thursday,0
101070,2023-11-16,Zomato,Food & Dining,191.74,Debit Card,Online,Expense,-183063.65,2023,11,November,Q4,Thursday,0
101071,2023-11-16,Unknown Merchant,Food & Dining,171.83,Net Banking,Gurugram,Expense,-183235.48,2023,11,November,Q4,Thursday,0
101072,2023-11-16,Apollo Pharmacy,Health,1076.12,Net Banking,Hyderabad,Expense,-184311.6,2023,11,November,Q4,Thursday,0
101073,2023-11-16,Campus Canteen,Food & Dining,274.76,Cash,Noida,Expense,-184586.36,2023,11,November,Q4,Thursday,0
101074,2023-11-17,Amazon,Shopping,1350.9,Debit Card,New Delhi,Expense,-185937.26,2023,11,November,Q4,Friday,0
101075,2023-11-18,DMart,Groceries,658.65,Credit Card,Hyderabad,Expense,-186595.91,2023,11,November,Q4,Saturday,1
101076,2023-11-18,Domino's,Food & Dining,226.48,Debit Card,Noida,Expense,-186822.39,2023,11,November,Q4,Saturday,1
101077,2023-11-18,Rapido,Transportation,225.22,UPI,Noida,Expense,-187047.61,2023,11,November,Q4,Saturday,1
101078,2023-11-19,Uber,Transportation,111.09,Credit Card,Noida,Expense,-187158.7,2023,11,November,Q4,Sunday,1
101079,2023-11-19,Groww,Investment,2510.01,Credit Card,New Delhi,Expense,-189668.71,2023,11,November,Q4,Sunday,1
101080,2023-11-19,Rapido,Transportation,207.2,Cash,Hyderabad,Expense,-189875.91,2023,11,November,Q4,Sunday,1
101081,2023-11-19,Blinkit,Groceries,426.43,UPI,Noida,Expense,-190302.34,2023,11,November,Q4,Sunday,1
101082,2023-11-20,Myntra,Shopping,2694.89,Credit Card,Mumbai,Expense,-192997.23,2023,11,November,Q4,Monday,0
101083,2023-11-20,Zerodha,Investment,859.3,Debit Card,Online,Expense,-193856.53,2023,11,November,Q4,Monday,0
101084,2023-11-20,Delhi Metro,Transportation,28.13,Net Banking,Gurugram,Expense,-193884.66,2023,11,November,Q4,Monday,0
101085,2023-11-20,Hostel Fee,Rent,5713.34,Debit Card,Online,Expense,-199598.0,2023,11,November,Q4,Monday,0
101086,2023-11-21,Spotify,Entertainment,412.38,UPI,Noida,Expense,-200010.38,2023,11,November,Q4,Tuesday,0
101087,2023-11-21,Chaayos,Food & Dining,86.48,UPI,Mumbai,Expense,-200096.86,2023,11,November,Q4,Tuesday,0
101088,2023-11-21,Unknown Merchant,Shopping,1019.3,Debit Card,New Delhi,Expense,-201116.16,2023,11,November,Q4,Tuesday,0
101089,2023-11-21,Hostel Laundry,Bills,629.65,Net Banking,Gurugram,Expense,-201745.81,2023,11,November,Q4,Tuesday,0
101090,2023-11-21,Coursera,Education,2287.16,Credit Card,Mumbai,Expense,-204032.97,2023,11,November,Q4,Tuesday,0
101091,2023-11-22,Unknown Merchant,Transportation,61.0,Net Banking,Mumbai,Expense,-204093.97,2023,11,November,Q4,Wednesday,0
101092,2023-11-22,Rapido,Transportation,97.73,Cash,New Delhi,Expense,-204191.7,2023,11,November,Q4,Wednesday,0
101093,2023-11-23,Myntra,Shopping,864.92,Debit Card,Mumbai,Expense,-205056.62,2023,11,November,Q4,Thursday,0
101094,2023-11-23,Delhi Metro,Transportation,50.95,Debit Card,Hyderabad,Expense,-205107.57,2023,11,November,Q4,Thursday,0
101095,2023-11-23,Burger King,Food & Dining,185.82,Net Banking,Mumbai,Expense,-205293.39,2023,11,November,Q4,Thursday,0
101096,2023-11-23,McDonald's,Food & Dining,296.63,UPI,Online,Expense,-205590.02,2023,11,November,Q4,Thursday,0
101097,2023-11-23,Hostel Laundry,Bills,787.74,Cash,Online,Expense,-206377.76,2023,11,November,Q4,Thursday,0
101098,2023-11-24,DMart,Groceries,760.62,Net Banking,Gurugram,Expense,-207138.38,2023,11,November,Q4,Friday,0
101099,2023-11-25,Zerodha,Investment,508.83,UPI,Online,Expense,-207647.21,2023,11,November,Q4,Saturday,1
101100,2023-11-25,LeetCode,Education,526.83,UPI,Hyderabad,Expense,-208174.04,2023,11,November,Q4,Saturday,1
101101,2023-11-25,Rapido,Transportation,142.42,UPI,Gurugram,Expense,-208316.46,2023,11,November,Q4,Saturday,1
101102,2023-11-25,Rapido,Transportation,168.22,Cash,Noida,Expense,-208484.68,2023,11,November,Q4,Saturday,1
101103,2023-11-26,HDFC Bank,Interest,359.49,Net Banking,New Delhi,Income,-208125.19,2023,11,November,Q4,Sunday,1
101104,2023-11-26,DMart,Groceries,523.98,Net Banking,Online,Expense,-208649.17,2023,11,November,Q4,Sunday,1
101105,2023-11-26,Printing Shop,Miscellaneous,496.23,Credit Card,Online,Expense,-209145.4,2023,11,November,Q4,Sunday,1
101106,2023-11-26,Gift Shop,Miscellaneous,649.65,UPI,Noida,Expense,-209795.05,2023,11,November,Q4,Sunday,1
101107,2023-11-27,Blinkit,Groceries,566.32,Credit Card,Gurugram,Expense,-210361.37,2023,11,November,Q4,Monday,0
101108,2023-11-28,Delhi Metro,Transportation,156.89,Debit Card,Mumbai,Expense,-210518.26,2023,11,November,Q4,Tuesday,0
101109,2023-11-28,Netflix,Entertainment,200.31,Net Banking,Mumbai,Expense,-210718.57,2023,11,November,Q4,Tuesday,0
101110,2023-11-28,Jio,Bills,735.73,Net Banking,Gurugram,Expense,-211454.3,2023,11,November,Q4,Tuesday,0
101111,2023-11-28,PVR Cinemas,Entertainment,468.49,Cash,Hyderabad,Expense,-211922.79,2023,11,November,Q4,Tuesday,0
101112,2023-11-28,Chaayos,Food & Dining,216.51,Debit Card,Gurugram,Expense,-212139.3,2023,11,November,Q4,Tuesday,0
101113,2023-12-01,Unknown Merchant,Salary/Stipend,12795.23,Net Banking,New Delhi,Income,-199344.07,2023,12,December,Q4,Friday,0
101114,2023-12-01,Swiggy,Food & Dining,211.48,Credit Card,New Delhi,Expense,-199555.55,2023,12,December,Q4,Friday,0
101115,2023-12-01,Blinkit,Groceries,497.07,Credit Card,Unknown,Expense,-200052.62,2023,12,December,Q4,Friday,0
101116,2023-12-01,Campus Canteen,Food & Dining,230.79,Cash,Noida,Expense,-200283.41,2023,12,December,Q4,Friday,0
101117,2023-12-01,Airtel,Bills,874.29,Cash,Mumbai,Expense,-201157.7,2023,12,December,Q4,Friday,0
101118,2023-12-02,Parents,Family Support,30504.34,Net Banking,Hyderabad,Income,-170653.36,2023,12,December,Q4,Saturday,1
101119,2023-12-02,Uber,Transportation,141.96,Net Banking,Mumbai,Expense,-170795.32,2023,12,December,Q4,Saturday,1
101120,2023-12-02,Burger King,Food & Dining,247.24,Credit Card,Hyderabad,Expense,-171042.56,2023,12,December,Q4,Saturday,1
101121,2023-12-02,BookMyShow,Entertainment,294.1,Cash,Gurugram,Expense,-171336.66,2023,12,December,Q4,Saturday,1
101122,2023-12-02,Delhi Metro,Transportation,127.03,Debit Card,Noida,Expense,-171463.69,2023,12,December,Q4,Saturday,1
101123,2023-12-02,DMart,Groceries,467.2,Debit Card,Gurugram,Expense,-171930.89,2023,12,December,Q4,Saturday,1
101124,2023-12-03,Printing Shop,Miscellaneous,509.04,Debit Card,Gurugram,Expense,-172439.93,2023,12,December,Q4,Sunday,1
101125,2023-12-04,Hostel Fee,Rent,5976.11,UPI,New Delhi,Expense,-178416.04,2023,12,December,Q4,Monday,0
101126,2023-12-04,Airtel,Bills,878.88,Net Banking,Noida,Expense,-179294.92,2023,12,December,Q4,Monday,0
101127,2023-12-05,Tata 1mg,Health,162.69,UPI,Online,Expense,-179457.61,2023,12,December,Q4,Tuesday,0
101128,2023-12-05,IndiGo,Travel,8128.19,UPI,Hyderabad,Expense,-187585.8,2023,12,December,Q4,Tuesday,0
101129,2023-12-05,OYO,Travel,8576.83,Credit Card,Gurugram,Expense,-196162.63,2023,12,December,Q4,Tuesday,0
101130,2023-12-06,Spotify,Entertainment,747.4,UPI,Online,Expense,-196910.03,2023,12,December,Q4,Wednesday,0
101131,2023-12-07,Burger King,Food & Dining,344.44,Cash,Noida,Expense,-197254.47,2023,12,December,Q4,Thursday,0
101132,2023-12-07,Uber,Transportation,148.27,Net Banking,New Delhi,Expense,-197402.74,2023,12,December,Q4,Thursday,0
101133,2023-12-07,Stationery,Miscellaneous,257.32,Credit Card,Mumbai,Expense,-197660.06,2023,12,December,Q4,Thursday,0
101134,2023-12-08,Campus Project,Freelance,4003.94,Net Banking,Hyderabad,Income,-193656.12,2023,12,December,Q4,Friday,0
101135,2023-12-08,Udemy,Education,1660.42,UPI,Noida,Expense,-195316.54,2023,12,December,Q4,Friday,0
101136,2023-12-08,DMart,Groceries,749.38,Credit Card,Online,Expense,-196065.92,2023,12,December,Q4,Friday,0
101137,2023-12-08,Blinkit,Groceries,203.14,Net Banking,Hyderabad,Expense,-196269.06,2023,12,December,Q4,Friday,0
101138,2023-12-08,Domino's,Food & Dining,281.15,Debit Card,Gurugram,Expense,-196550.21,2023,12,December,Q4,Friday,0
101139,2023-12-09,Chaayos,Food & Dining,234.26,Cash,New Delhi,Expense,-196784.47,2023,12,December,Q4,Saturday,1
101140,2023-12-09,Zomato,Food & Dining,97.07,Cash,Noida,Expense,-196881.54,2023,12,December,Q4,Saturday,1
101141,2023-12-09,Burger King,Food & Dining,118.63,Cash,Online,Expense,-197000.17,2023,12,December,Q4,Saturday,1
101142,2023-12-10,McDonald's,Food & Dining,187.66,Net Banking,Noida,Expense,-197187.83,2023,12,December,Q4,Sunday,1
101143,2023-12-10,McDonald's,Food & Dining,225.95,Net Banking,Online,Expense,-197413.78,2023,12,December,Q4,Sunday,1
101144,2023-12-10,Gift Shop,Miscellaneous,495.3,Cash,Mumbai,Expense,-197909.08,2023,12,December,Q4,Sunday,1
101145,2023-12-11,Printing Shop,Miscellaneous,794.91,UPI,Mumbai,Expense,-198703.99,2023,12,December,Q4,Monday,0
101146,2023-12-11,Rapido,Transportation,54.87,Net Banking,New Delhi,Expense,-198758.86,2023,12,December,Q4,Monday,0
101147,2023-12-11,Groww,Investment,541.05,Debit Card,Mumbai,Expense,-199299.91,2023,12,December,Q4,Monday,0
101148,2023-12-12,BigBasket,Groceries,851.28,Debit Card,Online,Expense,-200151.19,2023,12,December,Q4,Tuesday,0
101149,2023-12-12,Tata 1mg,Health,191.85,Credit Card,Online,Expense,-200343.04,2023,12,December,Q4,Tuesday,0
101150,2023-12-13,Campus Canteen,Food & Dining,229.71,Credit Card,Gurugram,Expense,-200572.75,2023,12,December,Q4,Wednesday,0
101151,2023-12-14,Swiggy,Food & Dining,98.35,Net Banking,New Delhi,Expense,-200671.1,2023,12,December,Q4,Thursday,0
101152,2023-12-14,Zomato,Food & Dining,205.69,Debit Card,Noida,Expense,-200876.79,2023,12,December,Q4,Thursday,0
101153,2023-12-14,Delhi Metro,Transportation,27.52,Net Banking,Hyderabad,Expense,-200904.31,2023,12,December,Q4,Thursday,0
101154,2023-12-15,Stationery,Miscellaneous,465.06,Net Banking,New Delhi,Expense,-201369.37,2023,12,December,Q4,Friday,0
101155,2023-12-15,Zomato,Food & Dining,330.53,Cash,Gurugram,Expense,-201699.9,2023,12,December,Q4,Friday,0
101156,2023-12-15,Printing Shop,Miscellaneous,171.35,Net Banking,New Delhi,Expense,-201871.25,2023,12,December,Q4,Friday,0
101157,2023-12-16,Delhi Metro,Transportation,182.29,Credit Card,Hyderabad,Expense,-202053.54,2023,12,December,Q4,Saturday,1
101158,2023-12-16,Blinkit,Groceries,854.93,Cash,Online,Expense,-202908.47,2023,12,December,Q4,Saturday,1
101159,2023-12-16,Flipkart,Shopping,2300.84,Credit Card,Mumbai,Expense,-205209.31,2023,12,December,Q4,Saturday,1
101160,2023-12-16,Uber,Transportation,30.17,Cash,Hyderabad,Expense,-205239.48,2023,12,December,Q4,Saturday,1
101161,2023-12-16,Campus Canteen,Food & Dining,110.66,Net Banking,Mumbai,Expense,-205350.14,2023,12,December,Q4,Saturday,1
101162,2023-12-18,Hostel Laundry,Bills,219.27,Credit Card,Hyderabad,Expense,-205569.41,2023,12,December,Q4,Monday,0
101163,2023-12-18,Groww,Investment,2675.5,Net Banking,Noida,Expense,-208244.91,2023,12,December,Q4,Monday,0
101164,2023-12-18,Jio,Bills,1049.0,Cash,Mumbai,Expense,-209293.91,2023,12,December,Q4,Monday,0
101165,2023-12-18,Jio,Bills,875.36,Credit Card,Gurugram,Expense,-210169.27,2023,12,December,Q4,Monday,0
101166,2023-12-19,Amazon Refund,Refund,443.54,UPI,New Delhi,Income,-209725.73,2023,12,December,Q4,Tuesday,0
101167,2023-12-19,Spotify,Entertainment,614.02,Net Banking,Gurugram,Expense,-210339.75,2023,12,December,Q4,Tuesday,0
101168,2023-12-19,Zomato,Food & Dining,274.33,Cash,Online,Expense,-210614.08,2023,12,December,Q4,Tuesday,0
101169,2023-12-19,Gate Academy,Education,461.77,UPI,Online,Expense,-211075.85,2023,12,December,Q4,Tuesday,0
101170,2023-12-19,Uber,Transportation,27.38,Debit Card,Noida,Expense,-211103.23,2023,12,December,Q4,Tuesday,0
101171,2023-12-19,Ola,Transportation,153.28,Net Banking,New Delhi,Expense,-211256.51,2023,12,December,Q4,Tuesday,0
101172,2023-12-20,Unknown Merchant,Transportation,214.18,Debit Card,Gurugram,Expense,-211470.69,2023,12,December,Q4,Wednesday,0
101173,2023-12-21,Zomato,Food & Dining,198.85,Credit Card,Hyderabad,Expense,-211669.54,2023,12,December,Q4,Thursday,0
101174,2023-12-21,PVR Cinemas,Entertainment,341.55,UPI,New Delhi,Expense,-212011.09,2023,12,December,Q4,Thursday,0
101175,2023-12-21,Rapido,Transportation,42.6,Cash,Mumbai,Expense,-212053.69,2023,12,December,Q4,Thursday,0
101176,2023-12-21,Ola,Transportation,195.69,UPI,Mumbai,Expense,-212249.38,2023,12,December,Q4,Thursday,0
101177,2023-12-21,Coursera,Education,627.48,UPI,Mumbai,Expense,-212876.86,2023,12,December,Q4,Thursday,0
101178,2023-12-21,Unknown Merchant,Food & Dining,349.19,Debit Card,Hyderabad,Expense,-213226.05,2023,12,December,Q4,Thursday,0
101179,2023-12-21,Printing Shop,Miscellaneous,722.35,Debit Card,Online,Expense,-213948.4,2023,12,December,Q4,Thursday,0
101180,2023-12-21,Burger King,Food & Dining,293.58,Cash,Noida,Expense,-214241.98,2023,12,December,Q4,Thursday,0
101181,2023-12-21,Domino's,Food & Dining,274.35,Debit Card,Noida,Expense,-214516.33,2023,12,December,Q4,Thursday,0
101182,2023-12-21,Swiggy,Food & Dining,159.86,UPI,Online,Expense,-214676.19,2023,12,December,Q4,Thursday,0
101183,2023-12-22,Swiggy,Food & Dining,159.53,Cash,Gurugram,Expense,-214835.72,2023,12,December,Q4,Friday,0
101184,2023-12-22,PVR Cinemas,Entertainment,584.56,Debit Card,Noida,Expense,-215420.28,2023,12,December,Q4,Friday,0
101185,2023-12-22,Delhi Metro,Transportation,65.71,Credit Card,New Delhi,Expense,-215485.99,2023,12,December,Q4,Friday,0
101186,2023-12-22,Airtel,Bills,327.86,Net Banking,Gurugram,Expense,-215813.85,2023,12,December,Q4,Friday,0
101187,2023-12-22,PVR Cinemas,Entertainment,138.37,UPI,New Delhi,Expense,-215952.22,2023,12,December,Q4,Friday,0
101188,2023-12-23,BSES,Bills,1103.87,UPI,New Delhi,Expense,-217056.09,2023,12,December,Q4,Saturday,1
101189,2023-12-23,Swiggy,Food & Dining,127.13,Net Banking,Noida,Expense,-217183.22,2023,12,December,Q4,Saturday,1
101190,2023-12-23,Uber,Transportation,206.23,Cash,Online,Expense,-217389.45,2023,12,December,Q4,Saturday,1
101191,2023-12-24,Gift Shop,Miscellaneous,313.64,Debit Card,Noida,Expense,-217703.09,2023,12,December,Q4,Sunday,1
101192,2023-12-24,Zomato,Food & Dining,250.85,Credit Card,New Delhi,Expense,-217953.94,2023,12,December,Q4,Sunday,1
101193,2023-12-24,Rapido,Transportation,212.26,Debit Card,New Delhi,Expense,-218166.2,2023,12,December,Q4,Sunday,1
101194,2023-12-24,Rapido,Transportation,42.55,Credit Card,Online,Expense,-218208.75,2023,12,December,Q4,Sunday,1
101195,2023-12-25,McDonald's,Food & Dining,246.54,UPI,New Delhi,Expense,-218455.29,2023,12,December,Q4,Monday,0
101196,2023-12-26,Gate Academy,Education,326.1,Cash,Mumbai,Expense,-218781.39,2023,12,December,Q4,Tuesday,0
101197,2023-12-26,Amazon,Shopping,2007.11,Net Banking,Noida,Expense,-220788.5,2023,12,December,Q4,Tuesday,0
101198,2023-12-26,Campus Canteen,Food & Dining,111.91,Net Banking,Online,Expense,-220900.41,2023,12,December,Q4,Tuesday,0
101199,2023-12-26,Udemy,Education,1628.0,Net Banking,Hyderabad,Expense,-222528.41,2023,12,December,Q4,Tuesday,0
101200,2023-12-27,Hostel Laundry,Bills,1003.9,Cash,Online,Expense,-223532.31,2023,12,December,Q4,Wednesday,0
101201,2023-12-27,Hostel Fee,Rent,4887.36,Credit Card,Online,Expense,-228419.67,2023,12,December,Q4,Wednesday,0
101202,2023-12-27,Chaayos,Food & Dining,337.62,Cash,New Delhi,Expense,-228757.29,2023,12,December,Q4,Wednesday,0
101203,2023-12-27,Ajio,Shopping,1015.14,Debit Card,Mumbai,Expense,-229772.43,2023,12,December,Q4,Wednesday,0
101204,2023-12-27,Airtel,Bills,1095.13,Cash,Hyderabad,Expense,-230867.56,2023,12,December,Q4,Wednesday,0
101205,2023-12-27,Chaayos,Food & Dining,239.58,UPI,New Delhi,Expense,-231107.14,2023,12,December,Q4,Wednesday,0
101206,2023-12-27,DMart,Groceries,526.09,Cash,Mumbai,Expense,-231633.23,2023,12,December,Q4,Wednesday,0
101207,2023-12-28,HDFC Bank,Interest,234.39,Net Banking,New Delhi,Income,-231398.84,2023,12,December,Q4,Thursday,0
101208,2023-12-28,Ajio,Shopping,444.57,Credit Card,Hyderabad,Expense,-231843.41,2023,12,December,Q4,Thursday,0
101209,2024-01-01,IIT Delhi,Salary/Stipend,15191.43,Net Banking,New Delhi,Income,-216651.98,2024,1,January,Q1,Monday,0
101210,2024-01-02,Parents,Family Support,34039.57,Net Banking,Hyderabad,Income,-182612.41,2024,1,January,Q1,Tuesday,0
101211,2024-01-03,Burger King,Food & Dining,154.85,Debit Card,Hyderabad,Expense,-182767.26,2024,1,January,Q1,Wednesday,0
101212,2024-01-03,Ola,Transportation,166.96,Credit Card,New Delhi,Expense,-182934.22,2024,1,January,Q1,Wednesday,0
101213,2024-01-03,McDonald's,Food & Dining,115.16,UPI,New Delhi,Expense,-183049.38,2024,1,January,Q1,Wednesday,0
101214,2024-01-03,McDonald's,Food & Dining,94.27,UPI,Noida,Expense,-183143.65,2024,1,January,Q1,Wednesday,0
101215,2024-01-04,Hostel Fee,Rent,4598.44,UPI,New Delhi,Expense,-187742.09,2024,1,January,Q1,Thursday,0
101216,2024-01-04,Printing Shop,Miscellaneous,566.26,Net Banking,Gurugram,Expense,-188308.35,2024,1,January,Q1,Thursday,0
101217,2024-01-04,Hostel Fee,Rent,5237.47,Cash,Hyderabad,Expense,-193545.82,2024,1,January,Q1,Thursday,0
101218,2024-01-05,McDonald's,Food & Dining,110.25,Credit Card,Noida,Expense,-193656.07,2024,1,January,Q1,Friday,0
101219,2024-01-05,Stationery,Miscellaneous,616.43,Credit Card,Online,Expense,-194272.5,2024,1,January,Q1,Friday,0
101220,2024-01-05,Apollo Pharmacy,Health,298.16,Cash,Gurugram,Expense,-194570.66,2024,1,January,Q1,Friday,0
101221,2024-01-05,Gift Shop,Miscellaneous,113.75,Cash,Mumbai,Expense,-194684.41,2024,1,January,Q1,Friday,0
101222,2024-01-05,Delhi Metro,Transportation,176.22,Net Banking,Hyderabad,Expense,-194860.63,2024,1,January,Q1,Friday,0
101223,2024-01-05,Unknown Merchant,Food & Dining,239.43,Debit Card,Gurugram,Expense,-195100.06,2024,1,January,Q1,Friday,0
101224,2024-01-06,Domino's,Food & Dining,185.48,UPI,New Delhi,Expense,-195285.54,2024,1,January,Q1,Saturday,1
101225,2024-01-06,Burger King,Food & Dining,201.08,Debit Card,New Delhi,Expense,-195486.62,2024,1,January,Q1,Saturday,1
101226,2024-01-06,Gift Shop,Miscellaneous,265.77,Credit Card,New Delhi,Expense,-195752.39,2024,1,January,Q1,Saturday,1
101227,2024-01-06,Uber,Transportation,231.81,Credit Card,Noida,Expense,-195984.2,2024,1,January,Q1,Saturday,1
101228,2024-01-06,Printing Shop,Miscellaneous,773.2,UPI,Mumbai,Expense,-196757.4,2024,1,January,Q1,Saturday,1
101229,2024-01-06,Airtel,Bills,211.89,Debit Card,Noida,Expense,-196969.29,2024,1,January,Q1,Saturday,1
101230,2024-01-07,Apollo Pharmacy,Health,449.18,Debit Card,New Delhi,Expense,-197418.47,2024,1,January,Q1,Sunday,1
101231,2024-01-08,Chaayos,Food & Dining,315.38,Net Banking,Mumbai,Expense,-197733.85,2024,1,January,Q1,Monday,0
101232,2024-01-08,Unknown Merchant,Groceries,704.89,UPI,Noida,Expense,-198438.74,2024,1,January,Q1,Monday,0
101233,2024-01-09,Blinkit,Groceries,477.05,UPI,Gurugram,Expense,-198915.79,2024,1,January,Q1,Tuesday,0
101234,2024-01-09,Burger King,Food & Dining,308.38,Debit Card,Gurugram,Expense,-199224.17,2024,1,January,Q1,Tuesday,0
101235,2024-01-10,Blinkit,Groceries,620.46,Net Banking,Noida,Expense,-199844.63,2024,1,January,Q1,Wednesday,0
101236,2024-01-10,Reliance Fresh,Groceries,823.71,Debit Card,Noida,Expense,-200668.34,2024,1,January,Q1,Wednesday,0
101237,2024-01-10,Printing Shop,Miscellaneous,405.43,Credit Card,Hyderabad,Expense,-201073.77,2024,1,January,Q1,Wednesday,0
101238,2024-01-10,Hostel Laundry,Bills,258.0,Net Banking,Gurugram,Expense,-201331.77,2024,1,January,Q1,Wednesday,0
101239,2024-01-10,Coursera,Education,395.22,UPI,New Delhi,Expense,-201726.99,2024,1,January,Q1,Wednesday,0
101240,2024-01-10,DMart,Groceries,420.94,UPI,Gurugram,Expense,-202147.93,2024,1,January,Q1,Wednesday,0
101241,2024-01-10,Burger King,Food & Dining,143.35,UPI,Mumbai,Expense,-202291.28,2024,1,January,Q1,Wednesday,0
101242,2024-01-11,Burger King,Food & Dining,91.11,Credit Card,Online,Expense,-202382.39,2024,1,January,Q1,Thursday,0
101243,2024-01-11,Printing Shop,Miscellaneous,741.72,UPI,Mumbai,Expense,-203124.11,2024,1,January,Q1,Thursday,0
101244,2024-01-11,BSES,Bills,283.85,Debit Card,Gurugram,Expense,-203407.96,2024,1,January,Q1,Thursday,0
101245,2024-01-11,Zomato,Food & Dining,162.33,UPI,Hyderabad,Expense,-203570.29,2024,1,January,Q1,Thursday,0
101246,2024-01-11,Reliance Fresh,Groceries,723.68,Net Banking,Gurugram,Expense,-204293.97,2024,1,January,Q1,Thursday,0
101247,2024-01-12,McDonald's,Food & Dining,310.53,Debit Card,New Delhi,Expense,-204604.5,2024,1,January,Q1,Friday,0
101248,2024-01-13,Uber,Transportation,156.84,Credit Card,Online,Expense,-204761.34,2024,1,January,Q1,Saturday,1
101249,2024-01-13,PVR Cinemas,Entertainment,660.69,Cash,Mumbai,Expense,-205422.03,2024,1,January,Q1,Saturday,1
101250,2024-01-13,Rapido,Transportation,91.87,UPI,Hyderabad,Expense,-205513.9,2024,1,January,Q1,Saturday,1
101251,2024-01-13,Air India,Travel,3457.48,Net Banking,New Delhi,Expense,-208971.38,2024,1,January,Q1,Saturday,1
101252,2024-01-14,Gate Academy,Education,1931.36,Debit Card,Noida,Expense,-210902.74,2024,1,January,Q1,Sunday,1
101253,2024-01-14,Ajio,Shopping,2433.31,Credit Card,Hyderabad,Expense,-213336.05,2024,1,January,Q1,Sunday,1
101254,2024-01-14,Ola,Transportation,230.31,Net Banking,Online,Expense,-213566.36,2024,1,January,Q1,Sunday,1
101255,2024-01-14,Swiggy,Food & Dining,210.75,Credit Card,New Delhi,Expense,-213777.11,2024,1,January,Q1,Sunday,1
101256,2024-01-14,Delhi Metro,Transportation,248.15,UPI,Mumbai,Expense,-214025.26,2024,1,January,Q1,Sunday,1
101257,2024-01-15,Delhi Metro,Transportation,213.4,UPI,Gurugram,Expense,-214238.66,2024,1,January,Q1,Monday,0
101258,2024-01-15,Uber,Transportation,100.81,Credit Card,Mumbai,Expense,-214339.47,2024,1,January,Q1,Monday,0
101259,2024-01-15,Netflix,Entertainment,320.0,Net Banking,Noida,Expense,-214659.47,2024,1,January,Q1,Monday,0
101260,2024-01-15,BigBasket,Groceries,438.59,Cash,Noida,Expense,-215098.06,2024,1,January,Q1,Monday,0
101261,2024-01-15,LeetCode,Education,562.1,Cash,Online,Expense,-215660.16,2024,1,January,Q1,Monday,0
101262,2024-01-16,Apollo Pharmacy,Health,787.76,Cash,Gurugram,Expense,-216447.92,2024,1,January,Q1,Tuesday,0
101263,2024-01-16,BSES,Bills,544.89,Credit Card,Online,Expense,-216992.81,2024,1,January,Q1,Tuesday,0
101264,2024-01-16,Zomato,Food & Dining,147.69,Credit Card,New Delhi,Expense,-217140.5,2024,1,January,Q1,Tuesday,0
101265,2024-01-16,Burger King,Food & Dining,258.77,Debit Card,Hyderabad,Expense,-217399.27,2024,1,January,Q1,Tuesday,0
101266,2024-01-16,Uber,Transportation,120.28,Net Banking,Noida,Expense,-217519.55,2024,1,January,Q1,Tuesday,0
101267,2024-01-17,Myntra,Shopping,279.02,Debit Card,Online,Expense,-217798.57,2024,1,January,Q1,Wednesday,0
101268,2024-01-17,Chaayos,Food & Dining,137.78,Cash,Gurugram,Expense,-217936.35,2024,1,January,Q1,Wednesday,0
101269,2024-01-17,IndiGo,Travel,3795.87,Cash,New Delhi,Expense,-221732.22,2024,1,January,Q1,Wednesday,0
101270,2024-01-17,DMart,Groceries,790.76,Cash,Gurugram,Expense,-222522.98,2024,1,January,Q1,Wednesday,0
101271,2024-01-17,Rapido,Transportation,150.28,Net Banking,Noida,Expense,-222673.26,2024,1,January,Q1,Wednesday,0
101272,2024-01-18,Gift Shop,Miscellaneous,447.62,Cash,Gurugram,Expense,-223120.88,2024,1,January,Q1,Thursday,0
101273,2024-01-18,Uber,Transportation,62.43,Debit Card,Gurugram,Expense,-223183.31,2024,1,January,Q1,Thursday,0
101274,2024-01-18,Unknown Merchant,Food & Dining,341.94,Debit Card,Mumbai,Expense,-223525.25,2024,1,January,Q1,Thursday,0
101275,2024-01-18,Uber,Transportation,217.72,UPI,Online,Expense,-223742.97,2024,1,January,Q1,Thursday,0
101276,2024-01-18,BigBasket,Groceries,174.64,Credit Card,Online,Expense,-223917.61,2024,1,January,Q1,Thursday,0
101277,2024-01-19,Burger King,Food & Dining,253.15,Credit Card,Gurugram,Expense,-224170.76,2024,1,January,Q1,Friday,0
101278,2024-01-19,Swiggy,Food & Dining,258.14,Cash,New Delhi,Expense,-224428.9,2024,1,January,Q1,Friday,0
101279,2024-01-19,Unknown Merchant,Bills,209.02,Net Banking,Noida,Expense,-224637.92,2024,1,January,Q1,Friday,0
101280,2024-01-19,Rapido,Transportation,30.93,Credit Card,Hyderabad,Expense,-224668.85,2024,1,January,Q1,Friday,0
101281,2024-01-20,Ola,Transportation,239.93,Net Banking,Gurugram,Expense,-224908.78,2024,1,January,Q1,Saturday,1
101282,2024-01-20,Uber,Transportation,132.81,Debit Card,Online,Expense,-225041.59,2024,1,January,Q1,Saturday,1
101283,2024-01-20,BigBasket,Groceries,878.15,Debit Card,Gurugram,Expense,-225919.74,2024,1,January,Q1,Saturday,1
101284,2024-01-21,Delhi Metro,Transportation,153.1,Cash,Hyderabad,Expense,-226072.84,2024,1,January,Q1,Sunday,1
101285,2024-01-21,Domino's,Food & Dining,177.51,UPI,Gurugram,Expense,-226250.35,2024,1,January,Q1,Sunday,1
101286,2024-01-22,DMart,Groceries,180.06,Debit Card,New Delhi,Expense,-226430.41,2024,1,January,Q1,Monday,0
101287,2024-01-22,Stationery,Miscellaneous,188.84,Credit Card,Gurugram,Expense,-226619.25,2024,1,January,Q1,Monday,0
101288,2024-01-22,LeetCode,Education,2065.36,Credit Card,New Delhi,Expense,-228684.61,2024,1,January,Q1,Monday,0
101289,2024-01-22,Printing Shop,Miscellaneous,545.06,Net Banking,Online,Expense,-229229.67,2024,1,January,Q1,Monday,0
101290,2024-01-22,Flipkart,Shopping,475.13,Debit Card,Online,Expense,-229704.8,2024,1,January,Q1,Monday,0
101291,2024-01-23,Campus Canteen,Food & Dining,127.35,Credit Card,Noida,Expense,-229832.15,2024,1,January,Q1,Tuesday,0
101292,2024-01-23,Zomato,Food & Dining,166.31,Debit Card,Noida,Expense,-229998.46,2024,1,January,Q1,Tuesday,0
101293,2024-01-23,PVR Cinemas,Entertainment,339.43,UPI,Mumbai,Expense,-230337.89,2024,1,January,Q1,Tuesday,0
101294,2024-01-23,Printing Shop,Miscellaneous,258.89,Net Banking,Gurugram,Expense,-230596.78,2024,1,January,Q1,Tuesday,0
101295,2024-01-23,Gate Academy,Education,886.56,Net Banking,New Delhi,Expense,-231483.34,2024,1,January,Q1,Tuesday,0
101296,2024-01-24,DMart,Groceries,465.1,Debit Card,Noida,Expense,-231948.44,2024,1,January,Q1,Wednesday,0
101297,2024-01-24,Burger King,Food & Dining,215.17,Credit Card,Hyderabad,Expense,-232163.61,2024,1,January,Q1,Wednesday,0
101298,2024-01-25,DMart,Groceries,878.04,Credit Card,Gurugram,Expense,-233041.65,2024,1,January,Q1,Thursday,0
101299,2024-01-25,McDonald's,Food & Dining,339.23,UPI,New Delhi,Expense,-233380.88,2024,1,January,Q1,Thursday,0
101300,2024-01-25,Burger King,Food & Dining,100.66,Cash,Online,Expense,-233481.54,2024,1,January,Q1,Thursday,0
101301,2024-01-25,Myntra,Shopping,1563.93,Cash,New Delhi,Expense,-235045.47,2024,1,January,Q1,Thursday,0
101302,2024-01-26,DMart,Groceries,773.68,Cash,Online,Expense,-235819.15,2024,1,January,Q1,Friday,0
101303,2024-01-27,Delhi Metro,Transportation,132.83,Net Banking,Gurugram,Expense,-235951.98,2024,1,January,Q1,Saturday,1
101304,2024-01-27,Rapido,Transportation,239.89,UPI,Mumbai,Expense,-236191.87,2024,1,January,Q1,Saturday,1
101305,2024-01-27,Rapido,Transportation,103.39,Net Banking,Hyderabad,Expense,-236295.26,2024,1,January,Q1,Saturday,1
101306,2024-01-28,McDonald's,Food & Dining,102.57,UPI,Hyderabad,Expense,-236397.83,2024,1,January,Q1,Sunday,1
101307,2024-01-28,BigBasket,Groceries,581.45,Credit Card,Hyderabad,Expense,-236979.28,2024,1,January,Q1,Sunday,1
101308,2024-01-28,Flipkart,Shopping,750.31,Credit Card,Gurugram,Expense,-237729.59,2024,1,January,Q1,Sunday,1
101309,2024-01-28,Blinkit,Groceries,367.94,Credit Card,New Delhi,Expense,-238097.53,2024,1,January,Q1,Sunday,1
101310,2024-01-28,Rapido,Transportation,126.01,Net Banking,Hyderabad,Expense,-238223.54,2024,1,January,Q1,Sunday,1
101311,2024-01-28,Netflix,Entertainment,164.37,Net Banking,Gurugram,Expense,-238387.91,2024,1,January,Q1,Sunday,1
101312,2024-02-01,IIT Delhi,Salary/Stipend,14083.9,Net Banking,New Delhi,Income,-224304.01,2024,2,February,Q1,Thursday,0
101313,2024-02-01,Jio,Bills,741.9,Cash,New Delhi,Expense,-225045.91,2024,2,February,Q1,Thursday,0
101314,2024-02-01,Domino's,Food & Dining,92.7,Debit Card,Gurugram,Expense,-225138.61,2024,2,February,Q1,Thursday,0
101315,2024-02-02,Parents,Family Support,38030.74,Net Banking,Hyderabad,Income,-187107.87,2024,2,February,Q1,Friday,0
101316,2024-02-02,Flipkart,Shopping,1740.0,Debit Card,Hyderabad,Expense,-188847.87,2024,2,February,Q1,Friday,0
101317,2024-02-02,McDonald's,Food & Dining,142.06,Debit Card,Noida,Expense,-188989.93,2024,2,February,Q1,Friday,0
101318,2024-02-02,DMart,Groceries,371.61,UPI,Hyderabad,Expense,-189361.54,2024,2,February,Q1,Friday,0
101319,2024-02-02,BigBasket,Groceries,775.38,UPI,New Delhi,Expense,-190136.92,2024,2,February,Q1,Friday,0
101320,2024-02-02,BookMyShow,Entertainment,799.32,Net Banking,Online,Expense,-190936.24,2024,2,February,Q1,Friday,0
101321,2024-02-03,Ola,Transportation,210.95,Cash,Gurugram,Expense,-191147.19,2024,2,February,Q1,Saturday,1
101322,2024-02-03,Gate Academy,Education,1777.68,Credit Card,Noida,Expense,-192924.87,2024,2,February,Q1,Saturday,1
101323,2024-02-03,Flipkart,Shopping,528.22,Debit Card,Noida,Expense,-193453.09,2024,2,February,Q1,Saturday,1
101324,2024-02-03,Ajio,Shopping,595.99,Cash,Online,Expense,-194049.08,2024,2,February,Q1,Saturday,1
101325,2024-02-04,Hostel Fee,Rent,5179.84,UPI,New Delhi,Expense,-199228.92,2024,2,February,Q1,Sunday,1
101326,2024-02-04,Burger King,Food & Dining,278.31,Net Banking,Hyderabad,Expense,-199507.23,2024,2,February,Q1,Sunday,1
101327,2024-02-04,Domino's,Food & Dining,214.49,UPI,Gurugram,Expense,-199721.72,2024,2,February,Q1,Sunday,1
101328,2024-02-04,McDonald's,Food & Dining,194.73,Net Banking,Gurugram,Expense,-199916.45,2024,2,February,Q1,Sunday,1
101329,2024-02-04,DMart,Groceries,154.39,Credit Card,Mumbai,Expense,-200070.84,2024,2,February,Q1,Sunday,1
101330,2024-02-04,Chaayos,Food & Dining,83.75,UPI,Mumbai,Expense,-200154.59,2024,2,February,Q1,Sunday,1
101331,2024-02-05,Airtel,Bills,1149.88,Debit Card,Online,Expense,-201304.47,2024,2,February,Q1,Monday,0
101332,2024-02-05,Udemy,Education,1350.75,Debit Card,Noida,Expense,-202655.22,2024,2,February,Q1,Monday,0
101333,2024-02-05,McDonald's,Food & Dining,287.82,Cash,New Delhi,Expense,-202943.04,2024,2,February,Q1,Monday,0
101334,2024-02-05,Spotify,Entertainment,566.94,Credit Card,Noida,Expense,-203509.98,2024,2,February,Q1,Monday,0
101335,2024-02-06,McDonald's,Food & Dining,191.91,Cash,Hyderabad,Expense,-203701.89,2024,2,February,Q1,Tuesday,0
101336,2024-02-06,Burger King,Food & Dining,338.67,UPI,New Delhi,Expense,-204040.56,2024,2,February,Q1,Tuesday,0
101337,2024-02-06,Gift Shop,Miscellaneous,184.66,UPI,New Delhi,Expense,-204225.22,2024,2,February,Q1,Tuesday,0
101338,2024-02-07,McDonald's,Food & Dining,179.21,Cash,Online,Expense,-204404.43,2024,2,February,Q1,Wednesday,0
101339,2024-02-07,OYO,Travel,6970.79,Credit Card,Mumbai,Expense,-211375.22,2024,2,February,Q1,Wednesday,0
101340,2024-02-08,Chaayos,Food & Dining,131.82,Debit Card,Online,Expense,-211507.04,2024,2,February,Q1,Thursday,0
101341,2024-02-08,Burger King,Food & Dining,318.83,UPI,Gurugram,Expense,-211825.87,2024,2,February,Q1,Thursday,0
101342,2024-02-08,BigBasket,Groceries,506.14,Credit Card,Gurugram,Expense,-212332.01,2024,2,February,Q1,Thursday,0
101343,2024-02-08,Blinkit,Groceries,189.08,Debit Card,Hyderabad,Expense,-212521.09,2024,2,February,Q1,Thursday,0
101344,2024-02-08,Ola,Transportation,126.61,Cash,Hyderabad,Expense,-212647.7,2024,2,February,Q1,Thursday,0
101345,2024-02-09,Flipkart,Shopping,1703.6,Cash,Noida,Expense,-214351.3,2024,2,February,Q1,Friday,0
101346,2024-02-09,McDonald's,Food & Dining,127.29,Cash,Gurugram,Expense,-214478.59,2024,2,February,Q1,Friday,0
101347,2024-02-09,Stationery,Miscellaneous,374.7,Debit Card,New Delhi,Expense,-214853.29,2024,2,February,Q1,Friday,0
101348,2024-02-09,Chaayos,Food & Dining,345.19,UPI,Online,Expense,-215198.48,2024,2,February,Q1,Friday,0
101349,2024-02-10,Chaayos,Food & Dining,265.03,Cash,Online,Expense,-215463.51,2024,2,February,Q1,Saturday,1
101350,2024-02-10,DMart,Groceries,425.8,Net Banking,New Delhi,Expense,-215889.31,2024,2,February,Q1,Saturday,1
101351,2024-02-10,Delhi Metro,Transportation,53.57,Credit Card,Hyderabad,Expense,-215942.88,2024,2,February,Q1,Saturday,1
101352,2024-02-10,McDonald's,Food & Dining,247.31,Debit Card,Noida,Expense,-216190.19,2024,2,February,Q1,Saturday,1
101353,2024-02-10,Flipkart,Shopping,1905.75,Debit Card,Mumbai,Expense,-218095.94,2024,2,February,Q1,Saturday,1
101354,2024-02-10,Hostel Laundry,Bills,677.15,Cash,New Delhi,Expense,-218773.09,2024,2,February,Q1,Saturday,1
101355,2024-02-11,Gift Shop,Miscellaneous,644.48,Cash,Mumbai,Expense,-219417.57,2024,2,February,Q1,Sunday,1
101356,2024-02-11,Printing Shop,Miscellaneous,763.17,Net Banking,Noida,Expense,-220180.74,2024,2,February,Q1,Sunday,1
101357,2024-02-11,Unknown Merchant,Transportation,182.01,Cash,Hyderabad,Expense,-220362.75,2024,2,February,Q1,Sunday,1
101358,2024-02-11,Burger King,Food & Dining,325.45,Cash,Noida,Expense,-220688.2,2024,2,February,Q1,Sunday,1
101359,2024-02-12,Hostel Laundry,Bills,674.5,Net Banking,Noida,Expense,-221362.7,2024,2,February,Q1,Monday,0
101360,2024-02-12,Gift Shop,Miscellaneous,429.75,Net Banking,Mumbai,Expense,-221792.45,2024,2,February,Q1,Monday,0
101361,2024-02-12,Rapido,Transportation,64.21,Credit Card,Hyderabad,Expense,-221856.66,2024,2,February,Q1,Monday,0
101362,2024-02-13,HDFC Bank,Interest,338.46,Net Banking,New Delhi,Income,-221518.2,2024,2,February,Q1,Tuesday,0
101363,2024-02-13,Ola,Transportation,154.4,Cash,Noida,Expense,-221672.6,2024,2,February,Q1,Tuesday,0
101364,2024-02-13,Amazon,Shopping,2179.71,Cash,Gurugram,Expense,-223852.31,2024,2,February,Q1,Tuesday,0
101365,2024-02-13,Gift Shop,Miscellaneous,560.48,Net Banking,New Delhi,Expense,-224412.79,2024,2,February,Q1,Tuesday,0
101366,2024-02-13,Chaayos,Food & Dining,136.22,Cash,Gurugram,Expense,-224549.01,2024,2,February,Q1,Tuesday,0
101367,2024-02-13,Gate Academy,Education,1890.59,Debit Card,Online,Expense,-226439.6,2024,2,February,Q1,Tuesday,0
101368,2024-02-14,DMart,Groceries,893.47,Credit Card,Noida,Expense,-227333.07,2024,2,February,Q1,Wednesday,0
101369,2024-02-14,Spotify,Entertainment,367.45,Net Banking,Noida,Expense,-227700.52,2024,2,February,Q1,Wednesday,0
101370,2024-02-14,DMart,Groceries,572.29,Cash,Gurugram,Expense,-228272.81,2024,2,February,Q1,Wednesday,0
101371,2024-02-14,Airtel,Bills,577.52,UPI,Hyderabad,Expense,-228850.33,2024,2,February,Q1,Wednesday,0
101372,2024-02-14,Hostel Laundry,Bills,884.4,Net Banking,Hyderabad,Expense,-229734.73,2024,2,February,Q1,Wednesday,0
101373,2024-02-14,Hostel Laundry,Bills,210.99,Debit Card,Noida,Expense,-229945.72,2024,2,February,Q1,Wednesday,0
101374,2024-02-15,Myntra,Shopping,610.51,Cash,New Delhi,Expense,-230556.23,2024,2,February,Q1,Thursday,0
101375,2024-02-15,Amazon,Shopping,1910.02,UPI,Mumbai,Expense,-232466.25,2024,2,February,Q1,Thursday,0
101376,2024-02-15,Zomato,Food & Dining,104.02,Debit Card,Mumbai,Expense,-232570.27,2024,2,February,Q1,Thursday,0
101377,2024-02-15,Printing Shop,Miscellaneous,376.37,Cash,New Delhi,Expense,-232946.64,2024,2,February,Q1,Thursday,0
101378,2024-02-15,Reliance Fresh,Groceries,847.75,UPI,Gurugram,Expense,-233794.39,2024,2,February,Q1,Thursday,0
101379,2024-02-15,OYO,Travel,4794.24,UPI,Mumbai,Expense,-238588.63,2024,2,February,Q1,Thursday,0
101380,2024-02-16,Stationery,Miscellaneous,377.32,Cash,Gurugram,Expense,-238965.95,2024,2,February,Q1,Friday,0
101381,2024-02-16,Uber,Transportation,169.11,Cash,Hyderabad,Expense,-239135.06,2024,2,February,Q1,Friday,0
101382,2024-02-18,Myntra,Shopping,375.83,UPI,Gurugram,Expense,-239510.89,2024,2,February,Q1,Sunday,1
101383,2024-02-18,Campus Canteen,Food & Dining,335.99,Net Banking,Mumbai,Expense,-239846.88,2024,2,February,Q1,Sunday,1
101384,2024-02-19,Swiggy,Food & Dining,162.5,UPI,Noida,Expense,-240009.38,2024,2,February,Q1,Monday,0
101385,2024-02-19,Chaayos,Food & Dining,126.84,Debit Card,Gurugram,Expense,-240136.22,2024,2,February,Q1,Monday,0
101386,2024-02-19,Unknown Merchant,Groceries,336.24,UPI,New Delhi,Expense,-240472.46,2024,2,February,Q1,Monday,0
101387,2024-02-19,Groww,Investment,1898.9,Debit Card,Noida,Expense,-242371.36,2024,2,February,Q1,Monday,0
101388,2024-02-19,Reliance Fresh,Groceries,794.85,Credit Card,Gurugram,Expense,-243166.21,2024,2,February,Q1,Monday,0
101389,2024-02-19,Domino's,Food & Dining,85.14,Net Banking,New Delhi,Expense,-243251.35,2024,2,February,Q1,Monday,0
101390,2024-02-20,Myntra,Shopping,438.84,UPI,Online,Expense,-243690.19,2024,2,February,Q1,Tuesday,0
101391,2024-02-20,Ajio,Shopping,362.01,Net Banking,Gurugram,Expense,-244052.2,2024,2,February,Q1,Tuesday,0
101392,2024-02-20,Delhi Metro,Transportation,117.36,UPI,New Delhi,Expense,-244169.56,2024,2,February,Q1,Tuesday,0
101393,2024-02-20,Practo,Health,1744.26,UPI,New Delhi,Expense,-245913.82,2024,2,February,Q1,Tuesday,0
101394,2024-02-20,Delhi Metro,Transportation,221.7,Net Banking,Gurugram,Expense,-246135.52,2024,2,February,Q1,Tuesday,0
101395,2024-02-20,Unknown Merchant,Entertainment,483.01,UPI,Online,Expense,-246618.53,2024,2,February,Q1,Tuesday,0
101396,2024-02-20,Spotify,Entertainment,691.17,Debit Card,Mumbai,Expense,-247309.7,2024,2,February,Q1,Tuesday,0
101397,2024-02-21,Reliance Fresh,Groceries,810.67,Net Banking,Online,Expense,-248120.37,2024,2,February,Q1,Wednesday,0
101398,2024-02-21,Domino's,Food & Dining,93.14,Debit Card,New Delhi,Expense,-248213.51,2024,2,February,Q1,Wednesday,0
101399,2024-02-22,Hostel Fee,Rent,4924.45,Cash,Noida,Expense,-253137.96,2024,2,February,Q1,Thursday,0
101400,2024-02-22,Airtel,Bills,396.25,Debit Card,New Delhi,Expense,-253534.21,2024,2,February,Q1,Thursday,0
101401,2024-02-22,Blinkit,Groceries,693.46,Credit Card,Mumbai,Expense,-254227.67,2024,2,February,Q1,Thursday,0
101402,2024-02-23,Delhi Metro,Transportation,166.96,UPI,Hyderabad,Expense,-254394.63,2024,2,February,Q1,Friday,0
101403,2024-02-23,Rapido,Transportation,213.47,UPI,Noida,Expense,-254608.1,2024,2,February,Q1,Friday,0
101404,2024-02-23,Blinkit,Groceries,803.58,Credit Card,Mumbai,Expense,-255411.68,2024,2,February,Q1,Friday,0
101405,2024-02-23,Ajio,Shopping,1637.68,Debit Card,New Delhi,Expense,-257049.36,2024,2,February,Q1,Friday,0
101406,2024-02-23,Tata 1mg,Health,689.5,UPI,Noida,Expense,-257738.86,2024,2,February,Q1,Friday,0
101407,2024-02-24,McDonald's,Food & Dining,339.77,Debit Card,Mumbai,Expense,-258078.63,2024,2,February,Q1,Saturday,1
101408,2024-02-24,Hostel Laundry,Bills,146.46,UPI,New Delhi,Expense,-258225.09,2024,2,February,Q1,Saturday,1
101409,2024-02-24,Rapido,Transportation,57.95,Credit Card,Hyderabad,Expense,-258283.04,2024,2,February,Q1,Saturday,1
101410,2024-02-24,Campus Canteen,Food & Dining,323.65,Cash,Online,Expense,-258606.69,2024,2,February,Q1,Saturday,1
101411,2024-02-25,Blinkit,Groceries,610.82,Net Banking,Mumbai,Expense,-259217.51,2024,2,February,Q1,Sunday,1
101412,2024-02-25,Ola,Transportation,235.35,Debit Card,Noida,Expense,-259452.86,2024,2,February,Q1,Sunday,1
101413,2024-02-25,Rapido,Transportation,38.42,Cash,Mumbai,Expense,-259491.28,2024,2,February,Q1,Sunday,1
101414,2024-02-25,Chaayos,Food & Dining,272.66,Credit Card,Hyderabad,Expense,-259763.94,2024,2,February,Q1,Sunday,1
101415,2024-02-25,Chaayos,Food & Dining,144.82,Cash,New Delhi,Expense,-259908.76,2024,2,February,Q1,Sunday,1
101416,2024-02-25,Uber,Transportation,154.68,UPI,Mumbai,Expense,-260063.44,2024,2,February,Q1,Sunday,1
101417,2024-02-26,Delhi Metro,Transportation,26.7,Net Banking,Noida,Expense,-260090.14,2024,2,February,Q1,Monday,0
101418,2024-02-26,Jio,Bills,793.17,UPI,Online,Expense,-260883.31,2024,2,February,Q1,Monday,0
101419,2024-02-26,Ajio,Shopping,1729.19,UPI,Noida,Expense,-262612.5,2024,2,February,Q1,Monday,0
101420,2024-02-27,Air India,Travel,4344.24,Debit Card,Online,Expense,-266956.74,2024,2,February,Q1,Tuesday,0
101421,2024-02-27,Myntra,Shopping,1937.36,Net Banking,Mumbai,Expense,-268894.1,2024,2,February,Q1,Tuesday,0
101422,2024-02-28,Chaayos,Food & Dining,134.85,Debit Card,Gurugram,Expense,-269028.95,2024,2,February,Q1,Wednesday,0
101423,2024-02-28,Flipkart,Shopping,1018.0,Credit Card,Noida,Expense,-270046.95,2024,2,February,Q1,Wednesday,0
101424,2024-02-28,Blinkit,Groceries,668.85,Debit Card,Hyderabad,Expense,-270715.8,2024,2,February,Q1,Wednesday,0
101425,2024-02-28,Chaayos,Food & Dining,307.36,Net Banking,Noida,Expense,-271023.16,2024,2,February,Q1,Wednesday,0
101426,2024-03-01,IIT Delhi,Salary/Stipend,16061.57,Net Banking,New Delhi,Income,-254961.59,2024,3,March,Q1,Friday,0
101427,2024-03-01,Groww,Investment,2423.05,Cash,Gurugram,Expense,-257384.64,2024,3,March,Q1,Friday,0
101428,2024-03-01,PVR Cinemas,Entertainment,212.02,Credit Card,Gurugram,Expense,-257596.66,2024,3,March,Q1,Friday,0
101429,2024-03-01,Burger King,Food & Dining,124.72,Debit Card,Hyderabad,Expense,-257721.38,2024,3,March,Q1,Friday,0
101430,2024-03-01,Delhi Metro,Transportation,73.76,Net Banking,Hyderabad,Expense,-257795.14,2024,3,March,Q1,Friday,0
101431,2024-03-01,Ola,Transportation,64.39,UPI,Gurugram,Expense,-257859.53,2024,3,March,Q1,Friday,0
101432,2024-03-02,Parents,Family Support,41558.97,Net Banking,Hyderabad,Income,-216300.56,2024,3,March,Q1,Saturday,1
101433,2024-03-02,Hostel Laundry,Bills,541.98,UPI,Gurugram,Expense,-216842.54,2024,3,March,Q1,Saturday,1
101434,2024-03-03,Jio,Bills,808.31,Net Banking,Hyderabad,Expense,-217650.85,2024,3,March,Q1,Sunday,1
101435,2024-03-03,Netflix,Entertainment,554.37,Cash,Mumbai,Expense,-218205.22,2024,3,March,Q1,Sunday,1
101436,2024-03-04,Hostel Fee,Rent,5335.53,UPI,New Delhi,Expense,-223540.75,2024,3,March,Q1,Monday,0
101437,2024-03-04,Airtel,Bills,1044.23,Net Banking,New Delhi,Expense,-224584.98,2024,3,March,Q1,Monday,0
101438,2024-03-04,Printing Shop,Miscellaneous,790.22,UPI,Gurugram,Expense,-225375.2,2024,3,March,Q1,Monday,0
101439,2024-03-04,Swiggy,Food & Dining,217.02,UPI,Online,Expense,-225592.22,2024,3,March,Q1,Monday,0
101440,2024-03-04,Swiggy,Food & Dining,334.23,Credit Card,Noida,Expense,-225926.45,2024,3,March,Q1,Monday,0
101441,2024-03-04,Air India,Travel,5360.58,Net Banking,Hyderabad,Expense,-231287.03,2024,3,March,Q1,Monday,0
101442,2024-03-04,Ajio,Shopping,1165.47,Cash,Gurugram,Expense,-232452.5,2024,3,March,Q1,Monday,0
101443,2024-03-05,Airtel,Bills,468.07,Credit Card,Online,Expense,-232920.57,2024,3,March,Q1,Tuesday,0
101444,2024-03-05,Uber,Transportation,26.85,Net Banking,New Delhi,Expense,-232947.42,2024,3,March,Q1,Tuesday,0
101445,2024-03-05,Flipkart,Shopping,2125.79,Net Banking,Mumbai,Expense,-235073.21,2024,3,March,Q1,Tuesday,0
101446,2024-03-05,Domino's,Food & Dining,287.44,Cash,Mumbai,Expense,-235360.65,2024,3,March,Q1,Tuesday,0
101447,2024-03-05,Delhi Metro,Transportation,48.28,Cash,Noida,Expense,-235408.93,2024,3,March,Q1,Tuesday,0
101448,2024-03-07,Domino's,Food & Dining,111.88,Credit Card,Mumbai,Expense,-235520.81,2024,3,March,Q1,Thursday,0
101449,2024-03-07,Stationery,Miscellaneous,581.9,Net Banking,Mumbai,Expense,-236102.71,2024,3,March,Q1,Thursday,0
101450,2024-03-08,Blinkit,Groceries,276.14,Net Banking,Online,Expense,-236378.85,2024,3,March,Q1,Friday,0
101451,2024-03-08,Rapido,Transportation,185.1,Debit Card,New Delhi,Expense,-236563.95,2024,3,March,Q1,Friday,0
101452,2024-03-08,Ola,Transportation,37.12,Credit Card,Gurugram,Expense,-236601.07,2024,3,March,Q1,Friday,0
101453,2024-03-09,Delhi Metro,Transportation,59.39,Cash,Gurugram,Expense,-236660.46,2024,3,March,Q1,Saturday,1
101454,2024-03-09,Burger King,Food & Dining,97.56,Credit Card,Hyderabad,Expense,-236758.02,2024,3,March,Q1,Saturday,1
101455,2024-03-10,HDFC Bank,Interest,74.71,Net Banking,Hyderabad,Income,-236683.31,2024,3,March,Q1,Sunday,1
101456,2024-03-10,Uber,Transportation,65.38,UPI,Hyderabad,Expense,-236748.69,2024,3,March,Q1,Sunday,1
101457,2024-03-10,Apollo Pharmacy,Health,618.78,Credit Card,Mumbai,Expense,-237367.47,2024,3,March,Q1,Sunday,1
101458,2024-03-11,Zomato,Food & Dining,245.91,UPI,Mumbai,Expense,-237613.38,2024,3,March,Q1,Monday,0
101459,2024-03-11,Zomato,Food & Dining,185.28,Cash,Gurugram,Expense,-237798.66,2024,3,March,Q1,Monday,0
101460,2024-03-11,BSES,Bills,1153.16,Debit Card,Mumbai,Expense,-238951.82,2024,3,March,Q1,Monday,0
101461,2024-03-11,BigBasket,Groceries,334.45,Credit Card,Online,Expense,-239286.27,2024,3,March,Q1,Monday,0
101462,2024-03-11,Apollo Pharmacy,Health,1005.1,Cash,Noida,Expense,-240291.37,2024,3,March,Q1,Monday,0
101463,2024-03-12,Myntra,Shopping,498.26,UPI,Hyderabad,Expense,-240789.63,2024,3,March,Q1,Tuesday,0
101464,2024-03-12,Domino's,Food & Dining,180.3,Debit Card,Online,Expense,-240969.93,2024,3,March,Q1,Tuesday,0
101465,2024-03-12,DMart,Groceries,241.75,UPI,Online,Expense,-241211.68,2024,3,March,Q1,Tuesday,0
101466,2024-03-12,Flipkart,Shopping,1105.35,Net Banking,Hyderabad,Expense,-242317.03,2024,3,March,Q1,Tuesday,0
101467,2024-03-13,Phonepe Rewards,Cashback,92.19,UPI,Online,Income,-242224.84,2024,3,March,Q1,Wednesday,0
101468,2024-03-13,Chaayos,Food & Dining,342.45,Net Banking,Gurugram,Expense,-242567.29,2024,3,March,Q1,Wednesday,0
101469,2024-03-14,Ajio,Shopping,1180.17,Net Banking,Mumbai,Expense,-243747.46,2024,3,March,Q1,Thursday,0
101470,2024-03-14,BookMyShow,Entertainment,565.15,Credit Card,Online,Expense,-244312.61,2024,3,March,Q1,Thursday,0
101471,2024-03-14,Swiggy,Food & Dining,205.5,Cash,New Delhi,Expense,-244518.11,2024,3,March,Q1,Thursday,0
101472,2024-03-15,Delhi Metro,Transportation,189.48,Net Banking,Mumbai,Expense,-244707.59,2024,3,March,Q1,Friday,0
101473,2024-03-15,Blinkit,Groceries,467.57,Cash,Noida,Expense,-245175.16,2024,3,March,Q1,Friday,0
101474,2024-03-15,BigBasket,Groceries,382.28,Cash,Online,Expense,-245557.44,2024,3,March,Q1,Friday,0
101475,2024-03-15,Reliance Fresh,Groceries,487.45,Debit Card,New Delhi,Expense,-246044.89,2024,3,March,Q1,Friday,0
101476,2024-03-16,Zomato,Food & Dining,319.9,Cash,New Delhi,Expense,-246364.79,2024,3,March,Q1,Saturday,1
101477,2024-03-16,BookMyShow,Entertainment,510.22,UPI,Gurugram,Expense,-246875.01,2024,3,March,Q1,Saturday,1
101478,2024-03-16,Air India,Travel,703.96,Net Banking,Gurugram,Expense,-247578.97,2024,3,March,Q1,Saturday,1
101479,2024-03-17,Rapido,Transportation,121.55,UPI,Noida,Expense,-247700.52,2024,3,March,Q1,Sunday,1
101480,2024-03-17,Burger King,Food & Dining,155.54,Credit Card,Unknown,Expense,-247856.06,2024,3,March,Q1,Sunday,1
101481,2024-03-17,Unknown Merchant,Entertainment,173.66,Debit Card,Online,Expense,-248029.72,2024,3,March,Q1,Sunday,1
101482,2024-03-18,Delhi Metro,Transportation,176.6,Debit Card,Gurugram,Expense,-248206.32,2024,3,March,Q1,Monday,0
101483,2024-03-18,Rapido,Transportation,168.09,Debit Card,Mumbai,Expense,-248374.41,2024,3,March,Q1,Monday,0
101484,2024-03-18,Delhi Metro,Transportation,41.35,Net Banking,Gurugram,Expense,-248415.76,2024,3,March,Q1,Monday,0
101485,2024-03-18,Domino's,Food & Dining,122.35,UPI,Hyderabad,Expense,-248538.11,2024,3,March,Q1,Monday,0
101486,2024-03-18,Udemy,Education,564.62,UPI,Gurugram,Expense,-249102.73,2024,3,March,Q1,Monday,0
101487,2024-03-18,Zomato,Food & Dining,344.54,Debit Card,Noida,Expense,-249447.27,2024,3,March,Q1,Monday,0
101488,2024-03-18,Printing Shop,Miscellaneous,234.74,Credit Card,Gurugram,Expense,-249682.01,2024,3,March,Q1,Monday,0
101489,2024-03-18,Uber,Transportation,57.13,Debit Card,New Delhi,Expense,-249739.14,2024,3,March,Q1,Monday,0
101490,2024-03-19,Rapido,Transportation,141.04,Debit Card,Hyderabad,Expense,-249880.18,2024,3,March,Q1,Tuesday,0
101491,2024-03-19,Jio,Bills,158.16,Cash,Hyderabad,Expense,-250038.34,2024,3,March,Q1,Tuesday,0
101492,2024-03-20,Amazon,Shopping,2215.82,UPI,Online,Expense,-252254.16,2024,3,March,Q1,Wednesday,0
101493,2024-03-21,Ola,Transportation,28.53,Net Banking,New Delhi,Expense,-252282.69,2024,3,March,Q1,Thursday,0
101494,2024-03-21,MakeMyTrip,Travel,4828.86,Net Banking,Noida,Expense,-257111.55,2024,3,March,Q1,Thursday,0
101495,2024-03-21,Apollo Pharmacy,Health,1189.64,Debit Card,Online,Expense,-258301.19,2024,3,March,Q1,Thursday,0
101496,2024-03-22,Rapido,Transportation,30.54,Debit Card,Mumbai,Expense,-258331.73,2024,3,March,Q1,Friday,0
101497,2024-03-22,Reliance Fresh,Groceries,826.08,Cash,Hyderabad,Expense,-259157.81,2024,3,March,Q1,Friday,0
101498,2024-03-22,Reliance Fresh,Groceries,563.84,UPI,Hyderabad,Expense,-259721.65,2024,3,March,Q1,Friday,0
101499,2024-03-22,Printing Shop,Miscellaneous,510.84,Cash,New Delhi,Expense,-260232.49,2024,3,March,Q1,Friday,0
101500,2024-03-23,McDonald's,Food & Dining,114.32,Credit Card,Mumbai,Expense,-260346.81,2024,3,March,Q1,Saturday,1
101501,2024-03-23,Reliance Fresh,Groceries,546.86,Cash,Online,Expense,-260893.67,2024,3,March,Q1,Saturday,1
101502,2024-03-23,BookMyShow,Entertainment,271.7,UPI,Hyderabad,Expense,-261165.37,2024,3,March,Q1,Saturday,1
101503,2024-03-23,Groww,Investment,1321.14,UPI,Hyderabad,Expense,-262486.51,2024,3,March,Q1,Saturday,1
101504,2024-03-23,Ola,Transportation,228.04,UPI,Noida,Expense,-262714.55,2024,3,March,Q1,Saturday,1
101505,2024-03-24,Ola,Transportation,186.77,Net Banking,Hyderabad,Expense,-262901.32,2024,3,March,Q1,Sunday,1
101506,2024-03-24,Reliance Fresh,Groceries,182.6,UPI,Gurugram,Expense,-263083.92,2024,3,March,Q1,Sunday,1
101507,2024-03-25,Netflix,Entertainment,773.85,UPI,Hyderabad,Expense,-263857.77,2024,3,March,Q1,Monday,0
101508,2024-03-25,Hostel Laundry,Bills,370.0,Credit Card,Noida,Expense,-264227.77,2024,3,March,Q1,Monday,0
101509,2024-03-25,Zomato,Food & Dining,165.0,Cash,New Delhi,Expense,-264392.77,2024,3,March,Q1,Monday,0
101510,2024-03-25,Gate Academy,Education,1847.26,Net Banking,New Delhi,Expense,-266240.03,2024,3,March,Q1,Monday,0
101511,2024-03-26,MakeMyTrip,Travel,7854.34,Debit Card,Online,Expense,-274094.37,2024,3,March,Q1,Tuesday,0
101512,2024-03-26,Ola,Transportation,85.44,Cash,Hyderabad,Expense,-274179.81,2024,3,March,Q1,Tuesday,0
101513,2024-03-26,Burger King,Food & Dining,118.57,Cash,New Delhi,Expense,-274298.38,2024,3,March,Q1,Tuesday,0
101514,2024-03-26,Uber,Transportation,213.0,UPI,Online,Expense,-274511.38,2024,3,March,Q1,Tuesday,0
101515,2024-03-26,Uber,Transportation,222.42,Credit Card,Unknown,Expense,-274733.8,2024,3,March,Q1,Tuesday,0
101516,2024-03-27,McDonald's,Food & Dining,272.14,UPI,New Delhi,Expense,-275005.94,2024,3,March,Q1,Wednesday,0
101517,2024-03-27,Burger King,Food & Dining,299.41,Debit Card,Mumbai,Expense,-275305.35,2024,3,March,Q1,Wednesday,0
101518,2024-03-28,Delhi Metro,Transportation,115.44,Cash,Gurugram,Expense,-275420.79,2024,3,March,Q1,Thursday,0
101519,2024-03-28,Reliance Fresh,Groceries,484.49,Net Banking,Gurugram,Expense,-275905.28,2024,3,March,Q1,Thursday,0
101520,2024-03-28,Printing Shop,Miscellaneous,255.75,UPI,Mumbai,Expense,-276161.03,2024,3,March,Q1,Thursday,0
101521,2024-04-01,IIT Delhi,Salary/Stipend,13864.84,Net Banking,New Delhi,Income,-262296.19,2024,4,April,Q2,Monday,0
101522,2024-04-01,Ajio,Shopping,1955.06,Net Banking,Noida,Expense,-264251.25,2024,4,April,Q2,Monday,0
101523,2024-04-01,Delhi Metro,Transportation,216.18,Credit Card,Hyderabad,Expense,-264467.43,2024,4,April,Q2,Monday,0
101524,2024-04-01,DMart,Groceries,394.56,Credit Card,Noida,Expense,-264861.99,2024,4,April,Q2,Monday,0
101525,2024-04-01,Stationery,Miscellaneous,256.58,Cash,New Delhi,Expense,-265118.57,2024,4,April,Q2,Monday,0
101526,2024-04-01,Domino's,Food & Dining,87.54,Credit Card,Mumbai,Expense,-265206.11,2024,4,April,Q2,Monday,0
101527,2024-04-02,Parents,Family Support,25557.46,Net Banking,Hyderabad,Income,-239648.65,2024,4,April,Q2,Tuesday,0
101528,2024-04-02,McDonald's,Food & Dining,96.39,Debit Card,Mumbai,Expense,-239745.04,2024,4,April,Q2,Tuesday,0
101529,2024-04-02,Burger King,Food & Dining,99.26,Credit Card,Gurugram,Expense,-239844.3,2024,4,April,Q2,Tuesday,0
101530,2024-04-02,Ola,Transportation,69.83,Cash,Mumbai,Expense,-239914.13,2024,4,April,Q2,Tuesday,0
101531,2024-04-02,Zomato,Food & Dining,135.18,Net Banking,Online,Expense,-240049.31,2024,4,April,Q2,Tuesday,0
101532,2024-04-03,Reliance Fresh,Groceries,649.99,Cash,Online,Expense,-240699.3,2024,4,April,Q2,Wednesday,0
101533,2024-04-03,Blinkit,Groceries,496.63,Cash,Gurugram,Expense,-241195.93,2024,4,April,Q2,Wednesday,0
101534,2024-04-04,Hostel Fee,Rent,5938.2,UPI,New Delhi,Expense,-247134.13,2024,4,April,Q2,Thursday,0
101535,2024-04-04,Airtel,Bills,575.02,Net Banking,New Delhi,Expense,-247709.15,2024,4,April,Q2,Thursday,0
101536,2024-04-04,Rapido,Transportation,107.73,Credit Card,Hyderabad,Expense,-247816.88,2024,4,April,Q2,Thursday,0
101537,2024-04-04,Uber,Transportation,64.27,Net Banking,Mumbai,Expense,-247881.15,2024,4,April,Q2,Thursday,0
101538,2024-04-04,Zomato,Food & Dining,88.1,Debit Card,Online,Expense,-247969.25,2024,4,April,Q2,Thursday,0
101539,2024-04-04,Printing Shop,Miscellaneous,215.43,Credit Card,Mumbai,Expense,-248184.68,2024,4,April,Q2,Thursday,0
101540,2024-04-04,Chaayos,Food & Dining,192.23,Debit Card,Gurugram,Expense,-248376.91,2024,4,April,Q2,Thursday,0
101541,2024-04-05,Domino's,Food & Dining,91.9,Net Banking,Online,Expense,-248468.81,2024,4,April,Q2,Friday,0
101542,2024-04-06,Irctc Refund,Refund,575.78,UPI,Online,Income,-247893.03,2024,4,April,Q2,Saturday,1
101543,2024-04-06,Rapido,Transportation,105.64,UPI,New Delhi,Expense,-247998.67,2024,4,April,Q2,Saturday,1
101544,2024-04-06,BookMyShow,Entertainment,530.42,Net Banking,Gurugram,Expense,-248529.09,2024,4,April,Q2,Saturday,1
101545,2024-04-06,Delhi Metro,Transportation,106.73,Debit Card,Hyderabad,Expense,-248635.82,2024,4,April,Q2,Saturday,1
101546,2024-04-06,Swiggy,Food & Dining,262.22,Net Banking,Online,Expense,-248898.04,2024,4,April,Q2,Saturday,1
101547,2024-04-06,Reliance Fresh,Groceries,359.36,UPI,Hyderabad,Expense,-249257.4,2024,4,April,Q2,Saturday,1
101548,2024-04-07,Burger King,Food & Dining,293.14,Credit Card,Mumbai,Expense,-249550.54,2024,4,April,Q2,Sunday,1
101549,2024-04-07,Chaayos,Food & Dining,134.1,UPI,Unknown,Expense,-249684.64,2024,4,April,Q2,Sunday,1
101550,2024-04-07,Amazon,Shopping,803.42,Credit Card,Gurugram,Expense,-250488.06,2024,4,April,Q2,Sunday,1
101551,2024-04-07,PVR Cinemas,Entertainment,177.68,Cash,Noida,Expense,-250665.74,2024,4,April,Q2,Sunday,1
101552,2024-04-07,Unknown Merchant,Investment,2714.59,UPI,Online,Expense,-253380.33,2024,4,April,Q2,Sunday,1
101553,2024-04-07,BookMyShow,Entertainment,319.15,Cash,Noida,Expense,-253699.48,2024,4,April,Q2,Sunday,1
101554,2024-04-07,Ajio,Shopping,2455.39,UPI,Hyderabad,Expense,-256154.87,2024,4,April,Q2,Sunday,1
101555,2024-04-07,Blinkit,Groceries,292.16,Cash,New Delhi,Expense,-256447.03,2024,4,April,Q2,Sunday,1
101556,2024-04-07,Gift Shop,Miscellaneous,58.99,Credit Card,New Delhi,Expense,-256506.02,2024,4,April,Q2,Sunday,1
101557,2024-04-08,Domino's,Food & Dining,156.71,Credit Card,Gurugram,Expense,-256662.73,2024,4,April,Q2,Monday,0
101558,2024-04-08,Gate Academy,Education,1294.58,Credit Card,Gurugram,Expense,-257957.31,2024,4,April,Q2,Monday,0
101559,2024-04-08,Delhi Metro,Transportation,61.3,UPI,Gurugram,Expense,-258018.61,2024,4,April,Q2,Monday,0
101560,2024-04-08,Myntra,Shopping,1610.91,Net Banking,Online,Expense,-259629.52,2024,4,April,Q2,Monday,0
101561,2024-04-08,Ola,Transportation,237.51,Debit Card,Mumbai,Expense,-259867.03,2024,4,April,Q2,Monday,0
101562,2024-04-08,Flipkart,Shopping,995.36,Net Banking,New Delhi,Expense,-260862.39,2024,4,April,Q2,Monday,0
101563,2024-04-08,Udemy,Education,1763.01,Net Banking,Online,Expense,-262625.4,2024,4,April,Q2,Monday,0
101564,2024-04-09,Chaayos,Food & Dining,249.95,Credit Card,Hyderabad,Expense,-262875.35,2024,4,April,Q2,Tuesday,0
101565,2024-04-09,PVR Cinemas,Entertainment,330.08,UPI,Unknown,Expense,-263205.43,2024,4,April,Q2,Tuesday,0
101566,2024-04-10,PVR Cinemas,Entertainment,203.19,Debit Card,Gurugram,Expense,-263408.62,2024,4,April,Q2,Wednesday,0
101567,2024-04-10,McDonald's,Food & Dining,282.94,Net Banking,Gurugram,Expense,-263691.56,2024,4,April,Q2,Wednesday,0
101568,2024-04-10,Campus Canteen,Food & Dining,168.9,Debit Card,Noida,Expense,-263860.46,2024,4,April,Q2,Wednesday,0
101569,2024-04-10,Jio,Bills,1086.46,Cash,Noida,Expense,-264946.92,2024,4,April,Q2,Wednesday,0
101570,2024-04-11,Coursera,Education,1662.31,Cash,Hyderabad,Expense,-266609.23,2024,4,April,Q2,Thursday,0
101571,2024-04-11,Delhi Metro,Transportation,153.03,Cash,Gurugram,Expense,-266762.26,2024,4,April,Q2,Thursday,0
101572,2024-04-11,BigBasket,Groceries,498.2,Net Banking,Mumbai,Expense,-267260.46,2024,4,April,Q2,Thursday,0
101573,2024-04-11,Rapido,Transportation,129.2,Debit Card,New Delhi,Expense,-267389.66,2024,4,April,Q2,Thursday,0
101574,2024-04-11,Campus Canteen,Food & Dining,327.63,Cash,Online,Expense,-267717.29,2024,4,April,Q2,Thursday,0
101575,2024-04-11,Zomato,Food & Dining,108.59,UPI,Online,Expense,-267825.88,2024,4,April,Q2,Thursday,0
101576,2024-04-12,BigBasket,Groceries,638.78,Net Banking,Hyderabad,Expense,-268464.66,2024,4,April,Q2,Friday,0
101577,2024-04-12,Blinkit,Groceries,474.38,Debit Card,Gurugram,Expense,-268939.04,2024,4,April,Q2,Friday,0
101578,2024-04-12,Hostel Fee,Rent,5329.24,UPI,Hyderabad,Expense,-274268.28,2024,4,April,Q2,Friday,0
101579,2024-04-12,Spotify,Entertainment,750.17,Credit Card,New Delhi,Expense,-275018.45,2024,4,April,Q2,Friday,0
101580,2024-04-12,Hostel Laundry,Bills,165.92,Debit Card,Noida,Expense,-275184.37,2024,4,April,Q2,Friday,0
101581,2024-04-13,Domino's,Food & Dining,133.73,Credit Card,Noida,Expense,-275318.1,2024,4,April,Q2,Saturday,1
101582,2024-04-13,Netflix,Entertainment,699.04,UPI,Gurugram,Expense,-276017.14,2024,4,April,Q2,Saturday,1
101583,2024-04-14,Ajio,Shopping,1014.6,Cash,Mumbai,Expense,-277031.74,2024,4,April,Q2,Sunday,1
101584,2024-04-14,McDonald's,Food & Dining,168.23,Credit Card,New Delhi,Expense,-277199.97,2024,4,April,Q2,Sunday,1
101585,2024-04-14,Chaayos,Food & Dining,135.53,Cash,Noida,Expense,-277335.5,2024,4,April,Q2,Sunday,1
101586,2024-04-14,Flipkart,Shopping,2162.15,Credit Card,Hyderabad,Expense,-279497.65,2024,4,April,Q2,Sunday,1
101587,2024-04-15,BookMyShow,Entertainment,536.81,Cash,Online,Expense,-280034.46,2024,4,April,Q2,Monday,0
101588,2024-04-15,Uber,Transportation,140.61,Debit Card,Hyderabad,Expense,-280175.07,2024,4,April,Q2,Monday,0
101589,2024-04-15,Spotify,Entertainment,328.21,Debit Card,Noida,Expense,-280503.28,2024,4,April,Q2,Monday,0
101590,2024-04-16,Blinkit,Groceries,416.54,Credit Card,Noida,Expense,-280919.82,2024,4,April,Q2,Tuesday,0
101591,2024-04-16,BigBasket,Groceries,866.81,Net Banking,Online,Expense,-281786.63,2024,4,April,Q2,Tuesday,0
101592,2024-04-17,Burger King,Food & Dining,91.11,Debit Card,Online,Expense,-281877.74,2024,4,April,Q2,Wednesday,0
101593,2024-04-17,Coursera,Education,947.94,Net Banking,Noida,Expense,-282825.68,2024,4,April,Q2,Wednesday,0
101594,2024-04-17,Campus Canteen,Food & Dining,251.39,UPI,Online,Expense,-283077.07,2024,4,April,Q2,Wednesday,0
101595,2024-04-18,Campus Canteen,Food & Dining,159.42,Cash,Noida,Expense,-283236.49,2024,4,April,Q2,Thursday,0
101596,2024-04-19,MakeMyTrip,Travel,7958.08,Net Banking,Hyderabad,Expense,-291194.57,2024,4,April,Q2,Friday,0
101597,2024-04-19,Jio,Bills,1133.07,Net Banking,Mumbai,Expense,-292327.64,2024,4,April,Q2,Friday,0
101598,2024-04-19,Rapido,Transportation,159.96,Cash,Hyderabad,Expense,-292487.6,2024,4,April,Q2,Friday,0
101599,2024-04-19,Airtel,Bills,355.67,Credit Card,New Delhi,Expense,-292843.27,2024,4,April,Q2,Friday,0
101600,2024-04-20,Rapido,Transportation,106.08,Credit Card,New Delhi,Expense,-292949.35,2024,4,April,Q2,Saturday,1
101601,2024-04-20,Stationery,Miscellaneous,382.99,UPI,Online,Expense,-293332.34,2024,4,April,Q2,Saturday,1
101602,2024-04-20,Gift Shop,Miscellaneous,258.84,UPI,New Delhi,Expense,-293591.18,2024,4,April,Q2,Saturday,1
101603,2024-04-21,Hostel Laundry,Bills,940.51,Net Banking,New Delhi,Expense,-294531.69,2024,4,April,Q2,Sunday,1
101604,2024-04-21,Airtel,Bills,969.69,Credit Card,Noida,Expense,-295501.38,2024,4,April,Q2,Sunday,1
101605,2024-04-21,DMart,Groceries,287.66,UPI,Online,Expense,-295789.04,2024,4,April,Q2,Sunday,1
101606,2024-04-21,Zomato,Food & Dining,131.97,Credit Card,Noida,Expense,-295921.01,2024,4,April,Q2,Sunday,1
101607,2024-04-22,IndiGo,Travel,4479.07,UPI,Noida,Expense,-300400.08,2024,4,April,Q2,Monday,0
101608,2024-04-22,Apollo Pharmacy,Health,135.69,Cash,Mumbai,Expense,-300535.77,2024,4,April,Q2,Monday,0
101609,2024-04-22,Spotify,Entertainment,420.48,Net Banking,New Delhi,Expense,-300956.25,2024,4,April,Q2,Monday,0
101610,2024-04-22,Reliance Fresh,Groceries,211.91,Cash,Noida,Expense,-301168.16,2024,4,April,Q2,Monday,0
101611,2024-04-22,Domino's,Food & Dining,286.17,Credit Card,Online,Expense,-301454.33,2024,4,April,Q2,Monday,0
101612,2024-04-23,McDonald's,Food & Dining,208.45,Net Banking,Mumbai,Expense,-301662.78,2024,4,April,Q2,Tuesday,0
101613,2024-04-23,Apollo Pharmacy,Health,1185.9,Cash,Hyderabad,Expense,-302848.68,2024,4,April,Q2,Tuesday,0
101614,2024-04-23,Unknown Merchant,Education,1303.87,Cash,Hyderabad,Expense,-304152.55,2024,4,April,Q2,Tuesday,0
101615,2024-04-23,Hostel Laundry,Bills,1179.56,Credit Card,Gurugram,Expense,-305332.11,2024,4,April,Q2,Tuesday,0
101616,2024-04-23,Domino's,Food & Dining,285.66,Cash,New Delhi,Expense,-305617.77,2024,4,April,Q2,Tuesday,0
101617,2024-04-24,Flipkart,Shopping,762.05,Cash,Noida,Expense,-306379.82,2024,4,April,Q2,Wednesday,0
101618,2024-04-24,Coursera,Education,972.26,Cash,Mumbai,Expense,-307352.08,2024,4,April,Q2,Wednesday,0
101619,2024-04-24,Swiggy,Food & Dining,192.97,Cash,Noida,Expense,-307545.05,2024,4,April,Q2,Wednesday,0
101620,2024-04-24,DMart,Groceries,582.1,Debit Card,Mumbai,Expense,-308127.15,2024,4,April,Q2,Wednesday,0
101621,2024-04-25,Chaayos,Food & Dining,209.8,Debit Card,Mumbai,Expense,-308336.95,2024,4,April,Q2,Thursday,0
101622,2024-04-25,Domino's,Food & Dining,238.14,UPI,New Delhi,Expense,-308575.09,2024,4,April,Q2,Thursday,0
101623,2024-04-25,Unknown Merchant,Groceries,739.48,Cash,Gurugram,Expense,-309314.57,2024,4,April,Q2,Thursday,0
101624,2024-04-25,Gate Academy,Education,1204.41,UPI,Mumbai,Expense,-310518.98,2024,4,April,Q2,Thursday,0
101625,2024-04-26,Zomato,Food & Dining,170.07,UPI,Hyderabad,Expense,-310689.05,2024,4,April,Q2,Friday,0
101626,2024-04-26,McDonald's,Food & Dining,114.43,UPI,Gurugram,Expense,-310803.48,2024,4,April,Q2,Friday,0
101627,2024-04-26,Swiggy,Food & Dining,202.66,Cash,Noida,Expense,-311006.14,2024,4,April,Q2,Friday,0
101628,2024-04-26,Zomato,Food & Dining,329.52,Credit Card,Hyderabad,Expense,-311335.66,2024,4,April,Q2,Friday,0
101629,2024-04-27,Uber,Transportation,112.07,Debit Card,New Delhi,Expense,-311447.73,2024,4,April,Q2,Saturday,1
101630,2024-04-27,Domino's,Food & Dining,160.86,Cash,Online,Expense,-311608.59,2024,4,April,Q2,Saturday,1
101631,2024-04-27,PVR Cinemas,Entertainment,390.43,UPI,Noida,Expense,-311999.02,2024,4,April,Q2,Saturday,1
101632,2024-04-27,Chaayos,Food & Dining,240.01,Credit Card,Noida,Expense,-312239.03,2024,4,April,Q2,Saturday,1
101633,2024-04-28,DMart,Groceries,776.38,Cash,Gurugram,Expense,-313015.41,2024,4,April,Q2,Sunday,1
101634,2024-04-28,PVR Cinemas,Entertainment,511.13,Credit Card,Gurugram,Expense,-313526.54,2024,4,April,Q2,Sunday,1
101635,2024-04-28,Printing Shop,Miscellaneous,798.5,Net Banking,Gurugram,Expense,-314325.04,2024,4,April,Q2,Sunday,1
101636,2024-04-28,Reliance Fresh,Groceries,892.9,Debit Card,New Delhi,Expense,-315217.94,2024,4,April,Q2,Sunday,1
101637,2024-05-01,IIT Delhi,Salary/Stipend,15044.55,Net Banking,New Delhi,Income,-300173.39,2024,5,May,Q2,Wednesday,0
101638,2024-05-01,Chaayos,Food & Dining,131.2,Net Banking,Mumbai,Expense,-300304.59,2024,5,May,Q2,Wednesday,0
101639,2024-05-01,Zerodha,Investment,1942.29,UPI,Hyderabad,Expense,-302246.88,2024,5,May,Q2,Wednesday,0
101640,2024-05-02,Parents,Family Support,39499.78,Net Banking,Hyderabad,Income,-262747.1,2024,5,May,Q2,Thursday,0
101641,2024-05-02,Unknown Merchant,Miscellaneous,125.61,UPI,Mumbai,Expense,-262872.71,2024,5,May,Q2,Thursday,0
101642,2024-05-02,Spotify,Entertainment,601.67,Cash,New Delhi,Expense,-263474.38,2024,5,May,Q2,Thursday,0
101643,2024-05-03,Ajio,Shopping,253.55,Net Banking,Unknown,Expense,-263727.93,2024,5,May,Q2,Friday,0
101644,2024-05-03,LeetCode,Education,1180.13,Cash,Mumbai,Expense,-264908.06,2024,5,May,Q2,Friday,0
101645,2024-05-04,Hostel Fee,Rent,5926.52,UPI,New Delhi,Expense,-270834.58,2024,5,May,Q2,Saturday,1
101646,2024-05-04,Jio,Bills,1186.38,Net Banking,New Delhi,Expense,-272020.96,2024,5,May,Q2,Saturday,1
101647,2024-05-04,Swiggy,Food & Dining,158.56,Debit Card,Mumbai,Expense,-272179.52,2024,5,May,Q2,Saturday,1
101648,2024-05-04,Unknown Merchant,Bills,306.97,Credit Card,Gurugram,Expense,-272486.49,2024,5,May,Q2,Saturday,1
101649,2024-05-04,Delhi Metro,Transportation,247.78,Net Banking,Online,Expense,-272734.27,2024,5,May,Q2,Saturday,1
101650,2024-05-04,Myntra,Shopping,2333.47,Cash,Noida,Expense,-275067.74,2024,5,May,Q2,Saturday,1
101651,2024-05-04,DMart,Groceries,750.38,Credit Card,Hyderabad,Expense,-275818.12,2024,5,May,Q2,Saturday,1
101652,2024-05-05,Myntra,Shopping,1135.99,Net Banking,New Delhi,Expense,-276954.11,2024,5,May,Q2,Sunday,1
101653,2024-05-05,Reliance Fresh,Groceries,511.83,Credit Card,Mumbai,Expense,-277465.94,2024,5,May,Q2,Sunday,1
101654,2024-05-05,Gift Shop,Miscellaneous,791.36,Cash,Mumbai,Expense,-278257.3,2024,5,May,Q2,Sunday,1
101655,2024-05-05,Stationery,Miscellaneous,273.77,Debit Card,New Delhi,Expense,-278531.07,2024,5,May,Q2,Sunday,1
101656,2024-05-06,Stationery,Miscellaneous,599.78,Debit Card,Noida,Expense,-279130.85,2024,5,May,Q2,Monday,0
101657,2024-05-06,Printing Shop,Miscellaneous,198.52,UPI,Online,Expense,-279329.37,2024,5,May,Q2,Monday,0
101658,2024-05-06,BookMyShow,Entertainment,656.04,Cash,Mumbai,Expense,-279985.41,2024,5,May,Q2,Monday,0
101659,2024-05-06,NPS,Investment,2744.01,Credit Card,New Delhi,Expense,-282729.42,2024,5,May,Q2,Monday,0
101660,2024-05-07,DMart,Groceries,309.43,Credit Card,Noida,Expense,-283038.85,2024,5,May,Q2,Tuesday,0
101661,2024-05-08,Ola,Transportation,117.53,Cash,New Delhi,Expense,-283156.38,2024,5,May,Q2,Wednesday,0
101662,2024-05-08,Ajio,Shopping,917.85,Cash,Noida,Expense,-284074.23,2024,5,May,Q2,Wednesday,0
101663,2024-05-09,Ajio,Shopping,1713.2,Debit Card,New Delhi,Expense,-285787.43,2024,5,May,Q2,Thursday,0
101664,2024-05-09,BSES,Bills,181.8,Cash,Mumbai,Expense,-285969.23,2024,5,May,Q2,Thursday,0
101665,2024-05-10,Ola,Transportation,39.14,Net Banking,Mumbai,Expense,-286008.37,2024,5,May,Q2,Friday,0
101666,2024-05-10,McDonald's,Food & Dining,182.72,Debit Card,Online,Expense,-286191.09,2024,5,May,Q2,Friday,0
101667,2024-05-10,Ajio,Shopping,818.96,Net Banking,Gurugram,Expense,-287010.05,2024,5,May,Q2,Friday,0
101668,2024-05-10,Amazon,Shopping,623.78,Cash,New Delhi,Expense,-287633.83,2024,5,May,Q2,Friday,0
101669,2024-05-10,Hostel Laundry,Bills,337.28,UPI,Gurugram,Expense,-287971.11,2024,5,May,Q2,Friday,0
101670,2024-05-10,Campus Canteen,Food & Dining,276.22,Net Banking,Mumbai,Expense,-288247.33,2024,5,May,Q2,Friday,0
101671,2024-05-10,Campus Canteen,Food & Dining,187.09,Net Banking,Noida,Expense,-288434.42,2024,5,May,Q2,Friday,0
101672,2024-05-11,Reliance Fresh,Groceries,510.63,Cash,Noida,Expense,-288945.05,2024,5,May,Q2,Saturday,1
101673,2024-05-11,PVR Cinemas,Entertainment,523.06,Debit Card,Gurugram,Expense,-289468.11,2024,5,May,Q2,Saturday,1
101674,2024-05-11,Chaayos,Food & Dining,176.13,UPI,New Delhi,Expense,-289644.24,2024,5,May,Q2,Saturday,1
101675,2024-05-11,Hostel Fee,Rent,4543.83,Debit Card,Noida,Expense,-294188.07,2024,5,May,Q2,Saturday,1
101676,2024-05-12,Printing Shop,Miscellaneous,526.23,UPI,Mumbai,Expense,-294714.3,2024,5,May,Q2,Sunday,1
101677,2024-05-12,Campus Canteen,Food & Dining,255.83,Net Banking,New Delhi,Expense,-294970.13,2024,5,May,Q2,Sunday,1
101678,2024-05-12,IndiGo,Travel,9550.17,Cash,Mumbai,Expense,-304520.3,2024,5,May,Q2,Sunday,1
101679,2024-05-12,BSES,Bills,337.64,Credit Card,Mumbai,Expense,-304857.94,2024,5,May,Q2,Sunday,1
101680,2024-05-12,Printing Shop,Miscellaneous,194.47,Net Banking,Hyderabad,Expense,-305052.41,2024,5,May,Q2,Sunday,1
101681,2024-05-14,Gift Shop,Miscellaneous,418.59,Debit Card,Online,Expense,-305471.0,2024,5,May,Q2,Tuesday,0
101682,2024-05-14,McDonald's,Food & Dining,323.61,Net Banking,New Delhi,Expense,-305794.61,2024,5,May,Q2,Tuesday,0
101683,2024-05-14,BigBasket,Groceries,785.34,Debit Card,Mumbai,Expense,-306579.95,2024,5,May,Q2,Tuesday,0
101684,2024-05-15,Rapido,Transportation,58.59,Net Banking,Hyderabad,Expense,-306638.54,2024,5,May,Q2,Wednesday,0
101685,2024-05-15,Flipkart,Shopping,1846.57,Net Banking,Noida,Expense,-308485.11,2024,5,May,Q2,Wednesday,0
101686,2024-05-16,Client Payment,Freelance,4777.83,Net Banking,Hyderabad,Income,-303707.28,2024,5,May,Q2,Thursday,0
101687,2024-05-16,Practo,Health,1700.51,UPI,Mumbai,Expense,-305407.79,2024,5,May,Q2,Thursday,0
101688,2024-05-16,Delhi Metro,Transportation,117.16,Cash,Online,Expense,-305524.95,2024,5,May,Q2,Thursday,0
101689,2024-05-16,Campus Canteen,Food & Dining,102.31,Net Banking,Noida,Expense,-305627.26,2024,5,May,Q2,Thursday,0
101690,2024-05-16,BigBasket,Groceries,254.89,Net Banking,Gurugram,Expense,-305882.15,2024,5,May,Q2,Thursday,0
101691,2024-05-17,Unknown Merchant,Interest,156.97,Net Banking,New Delhi,Income,-305725.18,2024,5,May,Q2,Friday,0
101692,2024-05-17,Jio,Bills,1091.1,Cash,Noida,Expense,-306816.28,2024,5,May,Q2,Friday,0
101693,2024-05-17,NPS,Investment,793.37,Debit Card,Hyderabad,Expense,-307609.65,2024,5,May,Q2,Friday,0
101694,2024-05-17,Chaayos,Food & Dining,161.16,Debit Card,Mumbai,Expense,-307770.81,2024,5,May,Q2,Friday,0
101695,2024-05-18,Rapido,Transportation,174.8,Credit Card,Online,Expense,-307945.61,2024,5,May,Q2,Saturday,1
101696,2024-05-18,Groww,Investment,1705.42,Credit Card,Noida,Expense,-309651.03,2024,5,May,Q2,Saturday,1
101697,2024-05-18,Stationery,Miscellaneous,696.66,Cash,Mumbai,Expense,-310347.69,2024,5,May,Q2,Saturday,1
101698,2024-05-18,Chaayos,Food & Dining,230.14,Net Banking,Online,Expense,-310577.83,2024,5,May,Q2,Saturday,1
101699,2024-05-18,Campus Canteen,Food & Dining,306.03,UPI,Noida,Expense,-310883.86,2024,5,May,Q2,Saturday,1
101700,2024-05-18,Domino's,Food & Dining,123.53,UPI,New Delhi,Expense,-311007.39,2024,5,May,Q2,Saturday,1
101701,2024-05-19,DMart,Groceries,630.79,Cash,New Delhi,Expense,-311638.18,2024,5,May,Q2,Sunday,1
101702,2024-05-19,Hostel Fee,Rent,4686.72,Credit Card,Online,Expense,-316324.9,2024,5,May,Q2,Sunday,1
101703,2024-05-19,Ola,Transportation,98.69,Cash,Online,Expense,-316423.59,2024,5,May,Q2,Sunday,1
101704,2024-05-19,McDonald's,Food & Dining,234.71,Debit Card,Mumbai,Expense,-316658.3,2024,5,May,Q2,Sunday,1
101705,2024-05-20,Gift Shop,Miscellaneous,160.91,Credit Card,Gurugram,Expense,-316819.21,2024,5,May,Q2,Monday,0
101706,2024-05-20,Airtel,Bills,540.18,Debit Card,Online,Expense,-317359.39,2024,5,May,Q2,Monday,0
101707,2024-05-21,Gift Shop,Miscellaneous,52.35,UPI,Mumbai,Expense,-317411.74,2024,5,May,Q2,Tuesday,0
101708,2024-05-21,PVR Cinemas,Entertainment,520.48,Cash,Mumbai,Expense,-317932.22,2024,5,May,Q2,Tuesday,0
101709,2024-05-21,Unknown Merchant,Entertainment,607.52,Credit Card,Noida,Expense,-318539.74,2024,5,May,Q2,Tuesday,0
101710,2024-05-21,Campus Canteen,Food & Dining,135.02,Debit Card,Mumbai,Expense,-318674.76,2024,5,May,Q2,Tuesday,0
101711,2024-05-22,Chaayos,Food & Dining,236.15,Credit Card,New Delhi,Expense,-318910.91,2024,5,May,Q2,Wednesday,0
101712,2024-05-22,Ajio,Shopping,2367.23,Net Banking,Hyderabad,Expense,-321278.14,2024,5,May,Q2,Wednesday,0
101713,2024-05-22,Stationery,Miscellaneous,549.45,Credit Card,Hyderabad,Expense,-321827.59,2024,5,May,Q2,Wednesday,0
101714,2024-05-22,Practo,Health,314.72,Net Banking,Noida,Expense,-322142.31,2024,5,May,Q2,Wednesday,0
101715,2024-05-22,Airtel,Bills,260.46,Net Banking,Gurugram,Expense,-322402.77,2024,5,May,Q2,Wednesday,0
101716,2024-05-22,Ola,Transportation,246.41,UPI,Hyderabad,Expense,-322649.18,2024,5,May,Q2,Wednesday,0
101717,2024-05-23,Practo,Health,714.4,UPI,Mumbai,Expense,-323363.58,2024,5,May,Q2,Thursday,0
101718,2024-05-23,McDonald's,Food & Dining,104.92,Cash,Mumbai,Expense,-323468.5,2024,5,May,Q2,Thursday,0
101719,2024-05-23,Domino's,Food & Dining,282.04,UPI,Noida,Expense,-323750.54,2024,5,May,Q2,Thursday,0
101720,2024-05-23,Chaayos,Food & Dining,223.27,Credit Card,Gurugram,Expense,-323973.81,2024,5,May,Q2,Thursday,0
101721,2024-05-23,Ola,Transportation,159.65,Net Banking,Hyderabad,Expense,-324133.46,2024,5,May,Q2,Thursday,0
101722,2024-05-23,Swiggy,Food & Dining,334.94,UPI,Online,Expense,-324468.4,2024,5,May,Q2,Thursday,0
101723,2024-05-23,Printing Shop,Miscellaneous,331.53,UPI,Online,Expense,-324799.93,2024,5,May,Q2,Thursday,0
101724,2024-05-23,Airtel,Bills,661.65,UPI,Noida,Expense,-325461.58,2024,5,May,Q2,Thursday,0
101725,2024-05-24,Netflix,Entertainment,626.72,UPI,Mumbai,Expense,-326088.3,2024,5,May,Q2,Friday,0
101726,2024-05-24,Reliance Fresh,Groceries,673.73,UPI,Hyderabad,Expense,-326762.03,2024,5,May,Q2,Friday,0
101727,2024-05-24,Rapido,Transportation,54.17,Credit Card,New Delhi,Expense,-326816.2,2024,5,May,Q2,Friday,0
101728,2024-05-25,NPS,Investment,2428.18,Debit Card,Hyderabad,Expense,-329244.38,2024,5,May,Q2,Saturday,1
101729,2024-05-25,Delhi Metro,Transportation,139.62,Cash,Online,Expense,-329384.0,2024,5,May,Q2,Saturday,1
101730,2024-05-25,Spotify,Entertainment,746.21,Cash,Mumbai,Expense,-330130.21,2024,5,May,Q2,Saturday,1
101731,2024-05-26,Unknown Merchant,Transportation,30.52,Cash,Noida,Expense,-330160.73,2024,5,May,Q2,Sunday,1
101732,2024-05-26,Unknown Merchant,Bills,641.15,Credit Card,Hyderabad,Expense,-330801.88,2024,5,May,Q2,Sunday,1
101733,2024-05-27,BookMyShow,Entertainment,632.23,UPI,Online,Expense,-331434.11,2024,5,May,Q2,Monday,0
101734,2024-05-27,Jio,Bills,977.29,Debit Card,Mumbai,Expense,-332411.4,2024,5,May,Q2,Monday,0
101735,2024-05-28,Blinkit,Groceries,664.64,Net Banking,Online,Expense,-333076.04,2024,5,May,Q2,Tuesday,0
101736,2024-05-28,McDonald's,Food & Dining,82.48,Debit Card,Noida,Expense,-333158.52,2024,5,May,Q2,Tuesday,0
101737,2024-05-28,Campus Canteen,Food & Dining,273.53,Credit Card,Mumbai,Expense,-333432.05,2024,5,May,Q2,Tuesday,0
101738,2024-05-28,Chaayos,Food & Dining,118.25,Credit Card,Noida,Expense,-333550.3,2024,5,May,Q2,Tuesday,0
101739,2024-06-01,IIT Delhi,Salary/Stipend,12984.26,Net Banking,New Delhi,Income,-320566.04,2024,6,June,Q2,Saturday,1
101740,2024-06-01,Ajio,Shopping,379.37,Debit Card,Gurugram,Expense,-320945.41,2024,6,June,Q2,Saturday,1
101741,2024-06-01,Coursera,Education,699.85,Debit Card,Noida,Expense,-321645.26,2024,6,June,Q2,Saturday,1
101742,2024-06-01,Udemy,Education,1213.63,UPI,Noida,Expense,-322858.89,2024,6,June,Q2,Saturday,1
101743,2024-06-02,Parents,Family Support,31327.21,Net Banking,Hyderabad,Income,-291531.68,2024,6,June,Q2,Sunday,1
101744,2024-06-02,Campus Canteen,Food & Dining,264.8,Debit Card,Online,Expense,-291796.48,2024,6,June,Q2,Sunday,1
101745,2024-06-02,Domino's,Food & Dining,195.31,UPI,Gurugram,Expense,-291991.79,2024,6,June,Q2,Sunday,1
101746,2024-06-02,Coursera,Education,948.77,Debit Card,Noida,Expense,-292940.56,2024,6,June,Q2,Sunday,1
101747,2024-06-03,Zomato,Food & Dining,277.09,Net Banking,New Delhi,Expense,-293217.65,2024,6,June,Q2,Monday,0
101748,2024-06-03,Uber,Transportation,154.4,Credit Card,Unknown,Expense,-293372.05,2024,6,June,Q2,Monday,0
101749,2024-06-03,Reliance Fresh,Groceries,535.12,Cash,Hyderabad,Expense,-293907.17,2024,6,June,Q2,Monday,0
101750,2024-06-03,Flipkart,Shopping,2168.62,Credit Card,Online,Expense,-296075.79,2024,6,June,Q2,Monday,0
101751,2024-06-03,Uber,Transportation,102.91,Net Banking,Noida,Expense,-296178.7,2024,6,June,Q2,Monday,0
101752,2024-06-04,Hostel Fee,Rent,4598.94,UPI,New Delhi,Expense,-300777.64,2024,6,June,Q2,Tuesday,0
101753,2024-06-04,Unknown Merchant,Transportation,105.86,Credit Card,Hyderabad,Expense,-300883.5,2024,6,June,Q2,Tuesday,0
101754,2024-06-04,Udemy,Education,1860.28,Debit Card,New Delhi,Expense,-302743.78,2024,6,June,Q2,Tuesday,0
101755,2024-06-04,Reliance Fresh,Groceries,737.04,Credit Card,Hyderabad,Expense,-303480.82,2024,6,June,Q2,Tuesday,0
101756,2024-06-04,Jio,Bills,263.6,Cash,New Delhi,Expense,-303744.42,2024,6,June,Q2,Tuesday,0
101757,2024-06-04,Ola,Transportation,81.76,Credit Card,New Delhi,Expense,-303826.18,2024,6,June,Q2,Tuesday,0
101758,2024-06-05,Gift Shop,Miscellaneous,749.33,Net Banking,Hyderabad,Expense,-304575.51,2024,6,June,Q2,Wednesday,0
101759,2024-06-05,Groww,Investment,2481.78,Debit Card,Hyderabad,Expense,-307057.29,2024,6,June,Q2,Wednesday,0
101760,2024-06-05,Spotify,Entertainment,273.42,Credit Card,Gurugram,Expense,-307330.71,2024,6,June,Q2,Wednesday,0
101761,2024-06-05,Rapido,Transportation,64.2,UPI,Hyderabad,Expense,-307394.91,2024,6,June,Q2,Wednesday,0
101762,2024-06-05,Campus Canteen,Food & Dining,102.57,Net Banking,New Delhi,Expense,-307497.48,2024,6,June,Q2,Wednesday,0
101763,2024-06-06,BSES,Bills,1086.23,Cash,Noida,Expense,-308583.71,2024,6,June,Q2,Thursday,0
101764,2024-06-06,Jio,Bills,768.11,Credit Card,New Delhi,Expense,-309351.82,2024,6,June,Q2,Thursday,0
101765,2024-06-07,Swiggy,Food & Dining,196.32,Net Banking,Hyderabad,Expense,-309548.14,2024,6,June,Q2,Friday,0
101766,2024-06-07,Chaayos,Food & Dining,177.66,UPI,Gurugram,Expense,-309725.8,2024,6,June,Q2,Friday,0
101767,2024-06-08,Rapido,Transportation,42.53,UPI,New Delhi,Expense,-309768.33,2024,6,June,Q2,Saturday,1
101768,2024-06-08,Gift Shop,Miscellaneous,785.09,Cash,Online,Expense,-310553.42,2024,6,June,Q2,Saturday,1
101769,2024-06-08,McDonald's,Food & Dining,99.45,Cash,New Delhi,Expense,-310652.87,2024,6,June,Q2,Saturday,1
101770,2024-06-08,Blinkit,Groceries,552.16,UPI,Hyderabad,Expense,-311205.03,2024,6,June,Q2,Saturday,1
101771,2024-06-09,Coursera,Education,1480.14,Cash,Mumbai,Expense,-312685.17,2024,6,June,Q2,Sunday,1
101772,2024-06-09,Chaayos,Food & Dining,228.63,Net Banking,Gurugram,Expense,-312913.8,2024,6,June,Q2,Sunday,1
101773,2024-06-09,Netflix,Entertainment,295.78,Net Banking,Mumbai,Expense,-313209.58,2024,6,June,Q2,Sunday,1
101774,2024-06-09,Jio,Bills,1155.54,UPI,Gurugram,Expense,-314365.12,2024,6,June,Q2,Sunday,1
101775,2024-06-10,Burger King,Food & Dining,276.65,Cash,New Delhi,Expense,-314641.77,2024,6,June,Q2,Monday,0
101776,2024-06-10,Myntra,Shopping,2180.06,Cash,Gurugram,Expense,-316821.83,2024,6,June,Q2,Monday,0
101777,2024-06-10,Uber,Transportation,242.52,Net Banking,New Delhi,Expense,-317064.35,2024,6,June,Q2,Monday,0
101778,2024-06-10,Hostel Fee,Rent,4836.78,UPI,Hyderabad,Expense,-321901.13,2024,6,June,Q2,Monday,0
101779,2024-06-11,Swiggy,Food & Dining,193.69,Credit Card,Mumbai,Expense,-322094.82,2024,6,June,Q2,Tuesday,0
101780,2024-06-11,Domino's,Food & Dining,212.65,UPI,New Delhi,Expense,-322307.47,2024,6,June,Q2,Tuesday,0
101781,2024-06-12,Gift Shop,Miscellaneous,187.33,Net Banking,Gurugram,Expense,-322494.8,2024,6,June,Q2,Wednesday,0
101782,2024-06-12,Ola,Transportation,142.89,Net Banking,Mumbai,Expense,-322637.69,2024,6,June,Q2,Wednesday,0
101783,2024-06-12,Uber,Transportation,50.66,Cash,Online,Expense,-322688.35,2024,6,June,Q2,Wednesday,0
101784,2024-06-12,Domino's,Food & Dining,207.09,Debit Card,Online,Expense,-322895.44,2024,6,June,Q2,Wednesday,0
101785,2024-06-12,Ajio,Shopping,614.13,UPI,Gurugram,Expense,-323509.57,2024,6,June,Q2,Wednesday,0
101786,2024-06-12,Zomato,Food & Dining,276.1,Cash,New Delhi,Expense,-323785.67,2024,6,June,Q2,Wednesday,0
101787,2024-06-12,Delhi Metro,Transportation,134.83,UPI,New Delhi,Expense,-323920.5,2024,6,June,Q2,Wednesday,0
101788,2024-06-13,McDonald's,Food & Dining,313.37,Net Banking,Gurugram,Expense,-324233.87,2024,6,June,Q2,Thursday,0
101789,2024-06-13,Delhi Metro,Transportation,199.26,Credit Card,Noida,Expense,-324433.13,2024,6,June,Q2,Thursday,0
101790,2024-06-13,Campus Canteen,Food & Dining,127.99,Net Banking,Noida,Expense,-324561.12,2024,6,June,Q2,Thursday,0
101791,2024-06-13,Hostel Fee,Rent,4772.81,Debit Card,Online,Expense,-329333.93,2024,6,June,Q2,Thursday,0
101792,2024-06-14,Myntra,Shopping,2381.77,UPI,Mumbai,Expense,-331715.7,2024,6,June,Q2,Friday,0
101793,2024-06-14,Air India,Travel,10853.46,Cash,New Delhi,Expense,-342569.16,2024,6,June,Q2,Friday,0
101794,2024-06-14,Delhi Metro,Transportation,179.49,Credit Card,Mumbai,Expense,-342748.65,2024,6,June,Q2,Friday,0
101795,2024-06-16,Chaayos,Food & Dining,157.18,UPI,Online,Expense,-342905.83,2024,6,June,Q2,Sunday,1
101796,2024-06-16,Coursera,Education,1203.58,Credit Card,Mumbai,Expense,-344109.41,2024,6,June,Q2,Sunday,1
101797,2024-06-17,Campus Canteen,Food & Dining,82.56,Credit Card,Mumbai,Expense,-344191.97,2024,6,June,Q2,Monday,0
101798,2024-06-17,Apollo Pharmacy,Health,1730.53,Cash,Hyderabad,Expense,-345922.5,2024,6,June,Q2,Monday,0
101799,2024-06-17,DMart,Groceries,542.82,Credit Card,Hyderabad,Expense,-346465.32,2024,6,June,Q2,Monday,0
101800,2024-06-17,BigBasket,Groceries,680.82,Debit Card,Noida,Expense,-347146.14,2024,6,June,Q2,Monday,0
101801,2024-06-18,Printing Shop,Miscellaneous,557.58,UPI,Online,Expense,-347703.72,2024,6,June,Q2,Tuesday,0
101802,2024-06-18,BigBasket,Groceries,223.98,Debit Card,Mumbai,Expense,-347927.7,2024,6,June,Q2,Tuesday,0
101803,2024-06-18,Reliance Fresh,Groceries,720.74,UPI,Noida,Expense,-348648.44,2024,6,June,Q2,Tuesday,0
101804,2024-06-18,Domino's,Food & Dining,270.47,Credit Card,Online,Expense,-348918.91,2024,6,June,Q2,Tuesday,0
101805,2024-06-18,BigBasket,Groceries,332.86,Net Banking,New Delhi,Expense,-349251.77,2024,6,June,Q2,Tuesday,0
101806,2024-06-18,Domino's,Food & Dining,92.02,UPI,Hyderabad,Expense,-349343.79,2024,6,June,Q2,Tuesday,0
101807,2024-06-18,Tata 1mg,Health,751.41,Net Banking,Hyderabad,Expense,-350095.2,2024,6,June,Q2,Tuesday,0
101808,2024-06-19,Spotify,Entertainment,184.25,Credit Card,Mumbai,Expense,-350279.45,2024,6,June,Q2,Wednesday,0
101809,2024-06-19,Campus Canteen,Food & Dining,234.41,UPI,Hyderabad,Expense,-350513.86,2024,6,June,Q2,Wednesday,0
101810,2024-06-20,Google Pay Rewards,Cashback,95.64,UPI,Hyderabad,Income,-350418.22,2024,6,June,Q2,Thursday,0
101811,2024-06-20,Uber,Transportation,84.44,Cash,Noida,Expense,-350502.66,2024,6,June,Q2,Thursday,0
101812,2024-06-20,Zomato,Food & Dining,223.23,Cash,Noida,Expense,-350725.89,2024,6,June,Q2,Thursday,0
101813,2024-06-20,LeetCode,Education,1811.75,Debit Card,New Delhi,Expense,-352537.64,2024,6,June,Q2,Thursday,0
101814,2024-06-21,Rapido,Transportation,20.51,Credit Card,Gurugram,Expense,-352558.15,2024,6,June,Q2,Friday,0
101815,2024-06-21,Reliance Fresh,Groceries,368.88,Debit Card,Noida,Expense,-352927.03,2024,6,June,Q2,Friday,0
101816,2024-06-21,Ola,Transportation,201.84,Credit Card,Hyderabad,Expense,-353128.87,2024,6,June,Q2,Friday,0
101817,2024-06-21,Burger King,Food & Dining,255.13,Debit Card,Gurugram,Expense,-353384.0,2024,6,June,Q2,Friday,0
101818,2024-06-21,BigBasket,Groceries,697.11,UPI,Gurugram,Expense,-354081.11,2024,6,June,Q2,Friday,0
101819,2024-06-21,Delhi Metro,Transportation,53.9,Credit Card,Mumbai,Expense,-354135.01,2024,6,June,Q2,Friday,0
101820,2024-06-22,Domino's,Food & Dining,209.41,UPI,Online,Expense,-354344.42,2024,6,June,Q2,Saturday,1
101821,2024-06-22,Reliance Fresh,Groceries,521.68,Debit Card,Online,Expense,-354866.1,2024,6,June,Q2,Saturday,1
101822,2024-06-23,Ola,Transportation,118.39,Debit Card,Mumbai,Expense,-354984.49,2024,6,June,Q2,Sunday,1
101823,2024-06-23,Spotify,Entertainment,704.92,Cash,Noida,Expense,-355689.41,2024,6,June,Q2,Sunday,1
101824,2024-06-23,Rapido,Transportation,236.89,Credit Card,Unknown,Expense,-355926.3,2024,6,June,Q2,Sunday,1
101825,2024-06-23,Coursera,Education,1286.66,Cash,New Delhi,Expense,-357212.96,2024,6,June,Q2,Sunday,1
101826,2024-06-24,Domino's,Food & Dining,182.28,UPI,Mumbai,Expense,-357395.24,2024,6,June,Q2,Monday,0
101827,2024-06-24,Ola,Transportation,21.19,Cash,Gurugram,Expense,-357416.43,2024,6,June,Q2,Monday,0
101828,2024-06-24,BookMyShow,Entertainment,585.66,Cash,Mumbai,Expense,-358002.09,2024,6,June,Q2,Monday,0
101829,2024-06-25,Domino's,Food & Dining,325.5,Credit Card,Noida,Expense,-358327.59,2024,6,June,Q2,Tuesday,0
101830,2024-06-25,Jio,Bills,507.17,Net Banking,Online,Expense,-358834.76,2024,6,June,Q2,Tuesday,0
101831,2024-06-25,Stationery,Miscellaneous,562.22,Debit Card,Gurugram,Expense,-359396.98,2024,6,June,Q2,Tuesday,0
101832,2024-06-25,PVR Cinemas,Entertainment,352.97,Credit Card,Mumbai,Expense,-359749.95,2024,6,June,Q2,Tuesday,0
101833,2024-06-25,OYO,Travel,11910.38,Debit Card,Mumbai,Expense,-371660.33,2024,6,June,Q2,Tuesday,0
101834,2024-06-25,Stationery,Miscellaneous,152.97,Net Banking,New Delhi,Expense,-371813.3,2024,6,June,Q2,Tuesday,0
101835,2024-06-25,Flipkart,Shopping,2450.61,Debit Card,Noida,Expense,-374263.91,2024,6,June,Q2,Tuesday,0
101836,2024-06-25,Printing Shop,Miscellaneous,445.21,Credit Card,Mumbai,Expense,-374709.12,2024,6,June,Q2,Tuesday,0
101837,2024-06-26,Rapido,Transportation,190.5,Cash,Hyderabad,Expense,-374899.62,2024,6,June,Q2,Wednesday,0
101838,2024-06-26,Rapido,Transportation,153.78,Credit Card,Online,Expense,-375053.4,2024,6,June,Q2,Wednesday,0
101839,2024-06-26,Netflix,Entertainment,106.58,Net Banking,Mumbai,Expense,-375159.98,2024,6,June,Q2,Wednesday,0
101840,2024-06-26,Rapido,Transportation,185.91,UPI,New Delhi,Expense,-375345.89,2024,6,June,Q2,Wednesday,0
101841,2024-06-27,Campus Canteen,Food & Dining,131.35,UPI,Mumbai,Expense,-375477.24,2024,6,June,Q2,Thursday,0
101842,2024-06-27,Blinkit,Groceries,842.67,Credit Card,New Delhi,Expense,-376319.91,2024,6,June,Q2,Thursday,0
101843,2024-06-27,Hostel Laundry,Bills,705.97,Credit Card,Gurugram,Expense,-377025.88,2024,6,June,Q2,Thursday,0
101844,2024-06-27,Reliance Fresh,Groceries,494.54,Credit Card,Hyderabad,Expense,-377520.42,2024,6,June,Q2,Thursday,0
101845,2024-06-27,Uber,Transportation,24.76,UPI,Noida,Expense,-377545.18,2024,6,June,Q2,Thursday,0
101846,2024-06-27,Spotify,Entertainment,724.67,Debit Card,Gurugram,Expense,-378269.85,2024,6,June,Q2,Thursday,0
101847,2024-06-27,Uber,Transportation,223.37,Cash,Noida,Expense,-378493.22,2024,6,June,Q2,Thursday,0
101848,2024-06-28,BigBasket,Groceries,675.34,Net Banking,Gurugram,Expense,-379168.56,2024,6,June,Q2,Friday,0
101849,2024-07-01,IIT Delhi,Salary/Stipend,15350.25,Net Banking,New Delhi,Income,-363818.31,2024,7,July,Q3,Monday,0
101850,2024-07-01,Chaayos,Food & Dining,137.1,Cash,Gurugram,Expense,-363955.41,2024,7,July,Q3,Monday,0
101851,2024-07-01,Coursera,Education,1212.02,Credit Card,Gurugram,Expense,-365167.43,2024,7,July,Q3,Monday,0
101852,2024-07-01,Airtel,Bills,752.62,Net Banking,Online,Expense,-365920.05,2024,7,July,Q3,Monday,0
101853,2024-07-01,Campus Canteen,Food & Dining,118.82,Net Banking,New Delhi,Expense,-366038.87,2024,7,July,Q3,Monday,0
101854,2024-07-01,Rapido,Transportation,132.94,UPI,Online,Expense,-366171.81,2024,7,July,Q3,Monday,0
101855,2024-07-02,Parents,Family Support,43418.08,Net Banking,Hyderabad,Income,-322753.73,2024,7,July,Q3,Tuesday,0
101856,2024-07-02,Burger King,Food & Dining,317.91,Credit Card,Hyderabad,Expense,-323071.64,2024,7,July,Q3,Tuesday,0
101857,2024-07-02,DMart,Groceries,742.67,Debit Card,New Delhi,Expense,-323814.31,2024,7,July,Q3,Tuesday,0
101858,2024-07-02,Air India,Travel,6351.7,Cash,Online,Expense,-330166.01,2024,7,July,Q3,Tuesday,0
101859,2024-07-02,Hostel Laundry,Bills,532.65,Credit Card,Mumbai,Expense,-330698.66,2024,7,July,Q3,Tuesday,0
101860,2024-07-03,Zomato,Food & Dining,178.62,UPI,New Delhi,Expense,-330877.28,2024,7,July,Q3,Wednesday,0
101861,2024-07-03,Practo,Health,508.57,Net Banking,New Delhi,Expense,-331385.85,2024,7,July,Q3,Wednesday,0
101862,2024-07-03,Jio,Bills,488.71,Cash,Gurugram,Expense,-331874.56,2024,7,July,Q3,Wednesday,0
101863,2024-07-03,Groww,Investment,1009.41,Cash,New Delhi,Expense,-332883.97,2024,7,July,Q3,Wednesday,0
101864,2024-07-03,Rapido,Transportation,61.54,Debit Card,Noida,Expense,-332945.51,2024,7,July,Q3,Wednesday,0
101865,2024-07-03,Campus Canteen,Food & Dining,117.41,Credit Card,Gurugram,Expense,-333062.92,2024,7,July,Q3,Wednesday,0
101866,2024-07-03,Delhi Metro,Transportation,65.82,Net Banking,Mumbai,Expense,-333128.74,2024,7,July,Q3,Wednesday,0
101867,2024-07-04,Hostel Fee,Rent,4709.02,UPI,New Delhi,Expense,-337837.76,2024,7,July,Q3,Thursday,0
101868,2024-07-04,Swiggy,Food & Dining,123.95,Credit Card,Hyderabad,Expense,-337961.71,2024,7,July,Q3,Thursday,0
101869,2024-07-04,BookMyShow,Entertainment,749.06,Net Banking,Hyderabad,Expense,-338710.77,2024,7,July,Q3,Thursday,0
101870,2024-07-04,Spotify,Entertainment,486.11,Cash,New Delhi,Expense,-339196.88,2024,7,July,Q3,Thursday,0
101871,2024-07-04,Swiggy,Food & Dining,330.34,Credit Card,Gurugram,Expense,-339527.22,2024,7,July,Q3,Thursday,0
101872,2024-07-05,Reliance Fresh,Groceries,760.28,Cash,Mumbai,Expense,-340287.5,2024,7,July,Q3,Friday,0
101873,2024-07-05,Ajio,Shopping,2313.57,Debit Card,Hyderabad,Expense,-342601.07,2024,7,July,Q3,Friday,0
101874,2024-07-05,Unknown Merchant,Food & Dining,127.55,Debit Card,Online,Expense,-342728.62,2024,7,July,Q3,Friday,0
101875,2024-07-05,McDonald's,Food & Dining,203.84,Net Banking,New Delhi,Expense,-342932.46,2024,7,July,Q3,Friday,0
101876,2024-07-06,Flipkart,Shopping,334.17,Cash,New Delhi,Expense,-343266.63,2024,7,July,Q3,Saturday,1
101877,2024-07-06,Printing Shop,Miscellaneous,626.62,Net Banking,Mumbai,Expense,-343893.25,2024,7,July,Q3,Saturday,1
101878,2024-07-06,Chaayos,Food & Dining,321.13,UPI,New Delhi,Expense,-344214.38,2024,7,July,Q3,Saturday,1
101879,2024-07-06,Jio,Bills,595.97,Debit Card,New Delhi,Expense,-344810.35,2024,7,July,Q3,Saturday,1
101880,2024-07-07,OYO,Travel,1613.47,Net Banking,New Delhi,Expense,-346423.82,2024,7,July,Q3,Sunday,1
101881,2024-07-07,Burger King,Food & Dining,325.62,Credit Card,Mumbai,Expense,-346749.44,2024,7,July,Q3,Sunday,1
101882,2024-07-07,Netflix,Entertainment,371.34,Credit Card,Hyderabad,Expense,-347120.78,2024,7,July,Q3,Sunday,1
101883,2024-07-07,Zerodha,Investment,863.78,Net Banking,New Delhi,Expense,-347984.56,2024,7,July,Q3,Sunday,1
101884,2024-07-07,Campus Canteen,Food & Dining,136.64,Net Banking,New Delhi,Expense,-348121.2,2024,7,July,Q3,Sunday,1
101885,2024-07-07,Netflix,Entertainment,748.61,Net Banking,New Delhi,Expense,-348869.81,2024,7,July,Q3,Sunday,1
101886,2024-07-07,BigBasket,Groceries,720.72,UPI,Noida,Expense,-349590.53,2024,7,July,Q3,Sunday,1
101887,2024-07-08,NPS,Investment,2982.07,Cash,Noida,Expense,-352572.6,2024,7,July,Q3,Monday,0
101888,2024-07-09,Swiggy,Food & Dining,331.49,Net Banking,Online,Expense,-352904.09,2024,7,July,Q3,Tuesday,0
101889,2024-07-09,Netflix,Entertainment,571.76,Cash,Noida,Expense,-353475.85,2024,7,July,Q3,Tuesday,0
101890,2024-07-10,McDonald's,Food & Dining,222.41,Cash,Mumbai,Expense,-353698.26,2024,7,July,Q3,Wednesday,0
101891,2024-07-10,Reliance Fresh,Groceries,277.29,UPI,Gurugram,Expense,-353975.55,2024,7,July,Q3,Wednesday,0
101892,2024-07-10,Delhi Metro,Transportation,103.67,Net Banking,New Delhi,Expense,-354079.22,2024,7,July,Q3,Wednesday,0
101893,2024-07-10,Zomato,Food & Dining,322.44,Net Banking,Noida,Expense,-354401.66,2024,7,July,Q3,Wednesday,0
101894,2024-07-11,Ajio,Shopping,1303.98,Cash,Noida,Expense,-355705.64,2024,7,July,Q3,Thursday,0
101895,2024-07-11,Rapido,Transportation,34.83,Credit Card,Mumbai,Expense,-355740.47,2024,7,July,Q3,Thursday,0
101896,2024-07-12,Zerodha,Investment,521.2,Cash,Hyderabad,Expense,-356261.67,2024,7,July,Q3,Friday,0
101897,2024-07-12,Air India,Travel,4264.29,Cash,Online,Expense,-360525.96,2024,7,July,Q3,Friday,0
101898,2024-07-12,Amazon,Shopping,2392.1,Cash,Hyderabad,Expense,-362918.06,2024,7,July,Q3,Friday,0
101899,2024-07-13,Zomato,Food & Dining,108.43,Net Banking,Online,Expense,-363026.49,2024,7,July,Q3,Saturday,1
101900,2024-07-13,Chaayos,Food & Dining,109.25,Cash,Noida,Expense,-363135.74,2024,7,July,Q3,Saturday,1
101901,2024-07-13,Delhi Metro,Transportation,187.47,Net Banking,Noida,Expense,-363323.21,2024,7,July,Q3,Saturday,1
101902,2024-07-13,Unknown Merchant,Miscellaneous,655.32,UPI,Gurugram,Expense,-363978.53,2024,7,July,Q3,Saturday,1
101903,2024-07-14,Zomato,Food & Dining,310.39,Credit Card,Noida,Expense,-364288.92,2024,7,July,Q3,Sunday,1
101904,2024-07-14,PVR Cinemas,Entertainment,587.29,UPI,Mumbai,Expense,-364876.21,2024,7,July,Q3,Sunday,1
101905,2024-07-14,Campus Canteen,Food & Dining,187.03,Cash,Hyderabad,Expense,-365063.24,2024,7,July,Q3,Sunday,1
101906,2024-07-14,Zomato,Food & Dining,180.3,Debit Card,New Delhi,Expense,-365243.54,2024,7,July,Q3,Sunday,1
101907,2024-07-14,Swiggy,Food & Dining,84.44,Cash,Mumbai,Expense,-365327.98,2024,7,July,Q3,Sunday,1
101908,2024-07-15,Netflix,Entertainment,180.03,Net Banking,Noida,Expense,-365508.01,2024,7,July,Q3,Monday,0
101909,2024-07-15,Chaayos,Food & Dining,315.92,Cash,Hyderabad,Expense,-365823.93,2024,7,July,Q3,Monday,0
101910,2024-07-15,Gift Shop,Miscellaneous,536.68,Cash,Gurugram,Expense,-366360.61,2024,7,July,Q3,Monday,0
101911,2024-07-15,Rapido,Transportation,202.56,Cash,New Delhi,Expense,-366563.17,2024,7,July,Q3,Monday,0
101912,2024-07-15,Campus Canteen,Food & Dining,278.23,Debit Card,Noida,Expense,-366841.4,2024,7,July,Q3,Monday,0
101913,2024-07-16,Chaayos,Food & Dining,237.03,Net Banking,Noida,Expense,-367078.43,2024,7,July,Q3,Tuesday,0
101914,2024-07-16,Unknown Merchant,Transportation,116.39,Cash,Gurugram,Expense,-367194.82,2024,7,July,Q3,Tuesday,0
101915,2024-07-17,Delhi Metro,Transportation,144.77,UPI,Noida,Expense,-367339.59,2024,7,July,Q3,Wednesday,0
101916,2024-07-17,Tata 1mg,Health,1429.73,Debit Card,Mumbai,Expense,-368769.32,2024,7,July,Q3,Wednesday,0
101917,2024-07-18,Reliance Fresh,Groceries,429.84,Net Banking,Online,Expense,-369199.16,2024,7,July,Q3,Thursday,0
101918,2024-07-19,Printing Shop,Miscellaneous,243.54,Debit Card,Mumbai,Expense,-369442.7,2024,7,July,Q3,Friday,0
101919,2024-07-19,Ajio,Shopping,587.92,Cash,Hyderabad,Expense,-370030.62,2024,7,July,Q3,Friday,0
101920,2024-07-19,Burger King,Food & Dining,275.14,Credit Card,Gurugram,Expense,-370305.76,2024,7,July,Q3,Friday,0
101921,2024-07-19,Airtel,Bills,802.81,UPI,Noida,Expense,-371108.57,2024,7,July,Q3,Friday,0
101922,2024-07-20,Hostel Fee,Rent,5225.87,Credit Card,Hyderabad,Expense,-376334.44,2024,7,July,Q3,Saturday,1
101923,2024-07-21,Coursera,Education,1751.27,UPI,Gurugram,Expense,-378085.71,2024,7,July,Q3,Sunday,1
101924,2024-07-22,DMart,Groceries,808.06,Net Banking,Mumbai,Expense,-378893.77,2024,7,July,Q3,Monday,0
101925,2024-07-22,Zerodha,Investment,690.78,Cash,Gurugram,Expense,-379584.55,2024,7,July,Q3,Monday,0
101926,2024-07-23,Campus Canteen,Food & Dining,117.21,Credit Card,Online,Expense,-379701.76,2024,7,July,Q3,Tuesday,0
101927,2024-07-23,Uber,Transportation,199.72,Debit Card,New Delhi,Expense,-379901.48,2024,7,July,Q3,Tuesday,0
101928,2024-07-23,Udemy,Education,505.24,Credit Card,Mumbai,Expense,-380406.72,2024,7,July,Q3,Tuesday,0
101929,2024-07-23,Chaayos,Food & Dining,293.46,Net Banking,New Delhi,Expense,-380700.18,2024,7,July,Q3,Tuesday,0
101930,2024-07-23,Spotify,Entertainment,231.36,Net Banking,Online,Expense,-380931.54,2024,7,July,Q3,Tuesday,0
101931,2024-07-23,Rapido,Transportation,214.37,Debit Card,Mumbai,Expense,-381145.91,2024,7,July,Q3,Tuesday,0
101932,2024-07-24,Burger King,Food & Dining,129.6,Net Banking,New Delhi,Expense,-381275.51,2024,7,July,Q3,Wednesday,0
101933,2024-07-24,Domino's,Food & Dining,283.0,Credit Card,Mumbai,Expense,-381558.51,2024,7,July,Q3,Wednesday,0
101934,2024-07-24,Printing Shop,Miscellaneous,298.49,UPI,Hyderabad,Expense,-381857.0,2024,7,July,Q3,Wednesday,0
101935,2024-07-24,Printing Shop,Miscellaneous,667.63,Debit Card,New Delhi,Expense,-382524.63,2024,7,July,Q3,Wednesday,0
101936,2024-07-24,Unknown Merchant,Shopping,1417.67,Debit Card,Noida,Expense,-383942.3,2024,7,July,Q3,Wednesday,0
101937,2024-07-25,Chaayos,Food & Dining,177.93,Debit Card,New Delhi,Expense,-384120.23,2024,7,July,Q3,Thursday,0
101938,2024-07-25,BSES,Bills,675.62,Cash,Noida,Expense,-384795.85,2024,7,July,Q3,Thursday,0
101939,2024-07-25,OYO,Travel,7842.93,Credit Card,New Delhi,Expense,-392638.78,2024,7,July,Q3,Thursday,0
101940,2024-07-25,LeetCode,Education,1242.78,Credit Card,Noida,Expense,-393881.56,2024,7,July,Q3,Thursday,0
101941,2024-07-26,Airtel,Bills,647.28,Credit Card,Gurugram,Expense,-394528.84,2024,7,July,Q3,Friday,0
101942,2024-07-26,Unknown Merchant,Groceries,876.71,Net Banking,New Delhi,Expense,-395405.55,2024,7,July,Q3,Friday,0
101943,2024-07-26,Rapido,Transportation,212.85,Credit Card,New Delhi,Expense,-395618.4,2024,7,July,Q3,Friday,0
101944,2024-07-26,Ola,Transportation,42.9,Net Banking,New Delhi,Expense,-395661.3,2024,7,July,Q3,Friday,0
101945,2024-07-27,Blinkit,Groceries,631.86,UPI,New Delhi,Expense,-396293.16,2024,7,July,Q3,Saturday,1
101946,2024-07-27,Apollo Pharmacy,Health,1069.54,Net Banking,Hyderabad,Expense,-397362.7,2024,7,July,Q3,Saturday,1
101947,2024-07-27,BSES,Bills,962.71,Net Banking,Noida,Expense,-398325.41,2024,7,July,Q3,Saturday,1
101948,2024-07-28,Rapido,Transportation,102.87,UPI,Mumbai,Expense,-398428.28,2024,7,July,Q3,Sunday,1
101949,2024-07-28,Ajio,Shopping,751.87,UPI,Gurugram,Expense,-399180.15,2024,7,July,Q3,Sunday,1
101950,2024-07-28,Airtel,Bills,1117.65,UPI,New Delhi,Expense,-400297.8,2024,7,July,Q3,Sunday,1
101951,2024-07-28,Unknown Merchant,Shopping,1752.35,Credit Card,Noida,Expense,-402050.15,2024,7,July,Q3,Sunday,1
101952,2024-08-01,IIT Delhi,Salary/Stipend,13765.93,Net Banking,New Delhi,Income,-388284.22,2024,8,August,Q3,Thursday,0
101953,2024-08-01,Hostel Laundry,Bills,1041.71,Debit Card,Noida,Expense,-389325.93,2024,8,August,Q3,Thursday,0
101954,2024-08-01,Gate Academy,Education,612.03,Cash,Gurugram,Expense,-389937.96,2024,8,August,Q3,Thursday,0
101955,2024-08-01,Rapido,Transportation,128.98,Credit Card,Online,Expense,-390066.94,2024,8,August,Q3,Thursday,0
101956,2024-08-01,McDonald's,Food & Dining,211.86,Debit Card,Mumbai,Expense,-390278.8,2024,8,August,Q3,Thursday,0
101957,2024-08-02,Parents,Family Support,33721.24,Net Banking,Hyderabad,Income,-356557.56,2024,8,August,Q3,Friday,0
101958,2024-08-02,Ajio,Shopping,695.84,Cash,New Delhi,Expense,-357253.4,2024,8,August,Q3,Friday,0
101959,2024-08-02,BookMyShow,Entertainment,445.67,Debit Card,Mumbai,Expense,-357699.07,2024,8,August,Q3,Friday,0
101960,2024-08-02,Zomato,Food & Dining,342.38,UPI,Mumbai,Expense,-358041.45,2024,8,August,Q3,Friday,0
101961,2024-08-02,Burger King,Food & Dining,94.35,Debit Card,Noida,Expense,-358135.8,2024,8,August,Q3,Friday,0
101962,2024-08-02,Spotify,Entertainment,110.91,Debit Card,Hyderabad,Expense,-358246.71,2024,8,August,Q3,Friday,0
101963,2024-08-02,Rapido,Transportation,153.52,UPI,Gurugram,Expense,-358400.23,2024,8,August,Q3,Friday,0
101964,2024-08-03,Domino's,Food & Dining,188.06,Cash,Noida,Expense,-358588.29,2024,8,August,Q3,Saturday,1
101965,2024-08-03,Delhi Metro,Transportation,233.19,Cash,Noida,Expense,-358821.48,2024,8,August,Q3,Saturday,1
101966,2024-08-03,Zomato,Food & Dining,165.08,Credit Card,Gurugram,Expense,-358986.56,2024,8,August,Q3,Saturday,1
101967,2024-08-03,Zomato,Food & Dining,343.08,UPI,Hyderabad,Expense,-359329.64,2024,8,August,Q3,Saturday,1
101968,2024-08-03,Chaayos,Food & Dining,287.03,Credit Card,Hyderabad,Expense,-359616.67,2024,8,August,Q3,Saturday,1
101969,2024-08-04,Hostel Fee,Rent,5930.64,UPI,New Delhi,Expense,-365547.31,2024,8,August,Q3,Sunday,1
101970,2024-08-04,BSES,Bills,679.99,Net Banking,Mumbai,Expense,-366227.3,2024,8,August,Q3,Sunday,1
101971,2024-08-04,Hostel Fee,Rent,5131.86,Credit Card,Hyderabad,Expense,-371359.16,2024,8,August,Q3,Sunday,1
101972,2024-08-04,Reliance Fresh,Groceries,230.38,UPI,Online,Expense,-371589.54,2024,8,August,Q3,Sunday,1
101973,2024-08-04,Gift Shop,Miscellaneous,675.63,Cash,Hyderabad,Expense,-372265.17,2024,8,August,Q3,Sunday,1
101974,2024-08-04,Burger King,Food & Dining,121.32,UPI,Noida,Expense,-372386.49,2024,8,August,Q3,Sunday,1
101975,2024-08-05,Rapido,Transportation,59.18,UPI,Noida,Expense,-372445.67,2024,8,August,Q3,Monday,0
101976,2024-08-05,DMart,Groceries,275.48,UPI,Gurugram,Expense,-372721.15,2024,8,August,Q3,Monday,0
101977,2024-08-05,Myntra,Shopping,362.28,Debit Card,Hyderabad,Expense,-373083.43,2024,8,August,Q3,Monday,0
101978,2024-08-05,Stationery,Miscellaneous,626.66,Debit Card,Noida,Expense,-373710.09,2024,8,August,Q3,Monday,0
101979,2024-08-05,Gift Shop,Miscellaneous,199.63,Net Banking,Noida,Expense,-373909.72,2024,8,August,Q3,Monday,0
101980,2024-08-05,LeetCode,Education,1707.27,Debit Card,Mumbai,Expense,-375616.99,2024,8,August,Q3,Monday,0
101981,2024-08-06,Ola,Transportation,166.33,Credit Card,Noida,Expense,-375783.32,2024,8,August,Q3,Tuesday,0
101982,2024-08-07,Burger King,Food & Dining,183.42,Debit Card,Gurugram,Expense,-375966.74,2024,8,August,Q3,Wednesday,0
101983,2024-08-07,McDonald's,Food & Dining,301.0,UPI,Gurugram,Expense,-376267.74,2024,8,August,Q3,Wednesday,0
101984,2024-08-07,Groww,Investment,1190.62,Net Banking,Hyderabad,Expense,-377458.36,2024,8,August,Q3,Wednesday,0
101985,2024-08-07,Blinkit,Groceries,674.72,Cash,Gurugram,Expense,-378133.08,2024,8,August,Q3,Wednesday,0
101986,2024-08-08,DMart,Groceries,746.43,Cash,Gurugram,Expense,-378879.51,2024,8,August,Q3,Thursday,0
101987,2024-08-08,Uber,Transportation,188.1,Debit Card,Gurugram,Expense,-379067.61,2024,8,August,Q3,Thursday,0
101988,2024-08-08,Burger King,Food & Dining,107.28,Cash,Online,Expense,-379174.89,2024,8,August,Q3,Thursday,0
101989,2024-08-08,Chaayos,Food & Dining,331.89,Cash,Online,Expense,-379506.78,2024,8,August,Q3,Thursday,0
101990,2024-08-09,Apollo Pharmacy,Health,1575.63,UPI,New Delhi,Expense,-381082.41,2024,8,August,Q3,Friday,0
101991,2024-08-09,Delhi Metro,Transportation,227.96,Net Banking,Gurugram,Expense,-381310.37,2024,8,August,Q3,Friday,0
101992,2024-08-10,Groww,Investment,2480.85,UPI,Online,Expense,-383791.22,2024,8,August,Q3,Saturday,1
101993,2024-08-10,Hostel Laundry,Bills,830.75,Debit Card,New Delhi,Expense,-384621.97,2024,8,August,Q3,Saturday,1
101994,2024-08-10,DMart,Groceries,574.18,Cash,Noida,Expense,-385196.15,2024,8,August,Q3,Saturday,1
101995,2024-08-10,Ajio,Shopping,583.37,UPI,Hyderabad,Expense,-385779.52,2024,8,August,Q3,Saturday,1
101996,2024-08-11,Netflix,Entertainment,185.61,Debit Card,Noida,Expense,-385965.13,2024,8,August,Q3,Sunday,1
101997,2024-08-11,NPS,Investment,687.61,Net Banking,Online,Expense,-386652.74,2024,8,August,Q3,Sunday,1
101998,2024-08-11,Tata 1mg,Health,693.04,Net Banking,Online,Expense,-387345.78,2024,8,August,Q3,Sunday,1
101999,2024-08-11,Chaayos,Food & Dining,197.67,Net Banking,Noida,Expense,-387543.45,2024,8,August,Q3,Sunday,1
102000,2024-08-12,Rapido,Transportation,92.95,UPI,Hyderabad,Expense,-387636.4,2024,8,August,Q3,Monday,0
102001,2024-08-13,Netflix,Entertainment,235.69,Debit Card,Mumbai,Expense,-387872.09,2024,8,August,Q3,Tuesday,0
102002,2024-08-13,McDonald's,Food & Dining,112.89,Credit Card,Noida,Expense,-387984.98,2024,8,August,Q3,Tuesday,0
102003,2024-08-14,Campus Canteen,Food & Dining,321.02,Cash,Gurugram,Expense,-388306.0,2024,8,August,Q3,Wednesday,0
102004,2024-08-14,Uber,Transportation,221.46,Credit Card,Hyderabad,Expense,-388527.46,2024,8,August,Q3,Wednesday,0
102005,2024-08-14,Rapido,Transportation,116.72,UPI,Hyderabad,Expense,-388644.18,2024,8,August,Q3,Wednesday,0
102006,2024-08-15,Udemy,Education,2102.55,UPI,Hyderabad,Expense,-390746.73,2024,8,August,Q3,Thursday,0
102007,2024-08-15,Chaayos,Food & Dining,178.18,Net Banking,Hyderabad,Expense,-390924.91,2024,8,August,Q3,Thursday,0
102008,2024-08-15,Stationery,Miscellaneous,240.15,Debit Card,Gurugram,Expense,-391165.06,2024,8,August,Q3,Thursday,0
102009,2024-08-15,Printing Shop,Miscellaneous,724.42,Credit Card,Gurugram,Expense,-391889.48,2024,8,August,Q3,Thursday,0
102010,2024-08-16,Myntra,Shopping,1005.27,Net Banking,Gurugram,Expense,-392894.75,2024,8,August,Q3,Friday,0
102011,2024-08-16,Campus Canteen,Food & Dining,158.46,Debit Card,New Delhi,Expense,-393053.21,2024,8,August,Q3,Friday,0
102012,2024-08-16,MakeMyTrip,Travel,747.09,Credit Card,New Delhi,Expense,-393800.3,2024,8,August,Q3,Friday,0
102013,2024-08-17,Burger King,Food & Dining,239.44,Debit Card,Gurugram,Expense,-394039.74,2024,8,August,Q3,Saturday,1
102014,2024-08-17,Domino's,Food & Dining,215.59,UPI,Online,Expense,-394255.33,2024,8,August,Q3,Saturday,1
102015,2024-08-17,BookMyShow,Entertainment,165.97,Debit Card,Mumbai,Expense,-394421.3,2024,8,August,Q3,Saturday,1
102016,2024-08-17,Unknown Merchant,Food & Dining,237.85,UPI,Mumbai,Expense,-394659.15,2024,8,August,Q3,Saturday,1
102017,2024-08-18,Amazon,Shopping,1156.32,Debit Card,Mumbai,Expense,-395815.47,2024,8,August,Q3,Sunday,1
102018,2024-08-19,Uber,Transportation,108.06,Debit Card,New Delhi,Expense,-395923.53,2024,8,August,Q3,Monday,0
102019,2024-08-19,Unknown Merchant,Transportation,54.04,Cash,Mumbai,Expense,-395977.57,2024,8,August,Q3,Monday,0
102020,2024-08-19,McDonald's,Food & Dining,222.45,Cash,Gurugram,Expense,-396200.02,2024,8,August,Q3,Monday,0
102021,2024-08-19,Printing Shop,Miscellaneous,763.62,UPI,Noida,Expense,-396963.64,2024,8,August,Q3,Monday,0
102022,2024-08-19,Campus Canteen,Food & Dining,301.11,Debit Card,Noida,Expense,-397264.75,2024,8,August,Q3,Monday,0
102023,2024-08-19,Hostel Fee,Rent,4795.09,Debit Card,Noida,Expense,-402059.84,2024,8,August,Q3,Monday,0
102024,2024-08-19,Rapido,Transportation,39.69,Net Banking,Noida,Expense,-402099.53,2024,8,August,Q3,Monday,0
102025,2024-08-19,LeetCode,Education,2030.59,Credit Card,Hyderabad,Expense,-404130.12,2024,8,August,Q3,Monday,0
102026,2024-08-19,Rapido,Transportation,43.0,Debit Card,Mumbai,Expense,-404173.12,2024,8,August,Q3,Monday,0
102027,2024-08-20,Delhi Metro,Transportation,122.62,Debit Card,Hyderabad,Expense,-404295.74,2024,8,August,Q3,Tuesday,0
102028,2024-08-20,Chaayos,Food & Dining,190.65,Net Banking,Gurugram,Expense,-404486.39,2024,8,August,Q3,Tuesday,0
102029,2024-08-20,Delhi Metro,Transportation,112.62,Net Banking,Hyderabad,Expense,-404599.01,2024,8,August,Q3,Tuesday,0
102030,2024-08-21,Phonepe Rewards,Cashback,242.08,UPI,Online,Income,-404356.93,2024,8,August,Q3,Wednesday,0
102031,2024-08-21,IRCTC,Travel,4301.36,Debit Card,Hyderabad,Expense,-408658.29,2024,8,August,Q3,Wednesday,0
102032,2024-08-21,Rapido,Transportation,42.5,Cash,Noida,Expense,-408700.79,2024,8,August,Q3,Wednesday,0
102033,2024-08-21,Domino's,Food & Dining,134.97,Net Banking,Gurugram,Expense,-408835.76,2024,8,August,Q3,Wednesday,0
102034,2024-08-21,Swiggy,Food & Dining,304.07,Debit Card,Hyderabad,Expense,-409139.83,2024,8,August,Q3,Wednesday,0
102035,2024-08-22,Delhi Metro,Transportation,36.71,Debit Card,Noida,Expense,-409176.54,2024,8,August,Q3,Thursday,0
102036,2024-08-22,Burger King,Food & Dining,87.72,Cash,Gurugram,Expense,-409264.26,2024,8,August,Q3,Thursday,0
102037,2024-08-22,DMart,Groceries,475.17,Credit Card,New Delhi,Expense,-409739.43,2024,8,August,Q3,Thursday,0
102038,2024-08-22,IndiGo,Travel,6950.74,Debit Card,Online,Expense,-416690.17,2024,8,August,Q3,Thursday,0
102039,2024-08-22,Apollo Pharmacy,Health,350.12,Net Banking,Gurugram,Expense,-417040.29,2024,8,August,Q3,Thursday,0
102040,2024-08-22,BigBasket,Groceries,384.95,Cash,Gurugram,Expense,-417425.24,2024,8,August,Q3,Thursday,0
102041,2024-08-23,McDonald's,Food & Dining,235.95,Debit Card,Noida,Expense,-417661.19,2024,8,August,Q3,Friday,0
102042,2024-08-24,Hostel Fee,Rent,5792.08,Credit Card,Noida,Expense,-423453.27,2024,8,August,Q3,Saturday,1
102043,2024-08-24,Campus Canteen,Food & Dining,265.16,UPI,Noida,Expense,-423718.43,2024,8,August,Q3,Saturday,1
102044,2024-08-24,McDonald's,Food & Dining,118.92,Credit Card,Noida,Expense,-423837.35,2024,8,August,Q3,Saturday,1
102045,2024-08-25,Sbi Savings,Interest,114.98,Net Banking,New Delhi,Income,-423722.37,2024,8,August,Q3,Sunday,1
102046,2024-08-25,Printing Shop,Miscellaneous,718.53,Net Banking,Online,Expense,-424440.9,2024,8,August,Q3,Sunday,1
102047,2024-08-26,Delhi Metro,Transportation,46.37,Cash,Noida,Expense,-424487.27,2024,8,August,Q3,Monday,0
102048,2024-08-26,Domino's,Food & Dining,275.51,Net Banking,New Delhi,Expense,-424762.78,2024,8,August,Q3,Monday,0
102049,2024-08-26,Rapido,Transportation,21.37,UPI,New Delhi,Expense,-424784.15,2024,8,August,Q3,Monday,0
102050,2024-08-26,Uber,Transportation,108.74,Cash,Online,Expense,-424892.89,2024,8,August,Q3,Monday,0
102051,2024-08-27,Chaayos,Food & Dining,206.87,Cash,Mumbai,Expense,-425099.76,2024,8,August,Q3,Tuesday,0
102052,2024-08-27,Swiggy,Food & Dining,140.48,Credit Card,New Delhi,Expense,-425240.24,2024,8,August,Q3,Tuesday,0
102053,2024-08-27,Stationery,Miscellaneous,314.76,Credit Card,Mumbai,Expense,-425555.0,2024,8,August,Q3,Tuesday,0
102054,2024-08-27,Delhi Metro,Transportation,70.57,Cash,Noida,Expense,-425625.57,2024,8,August,Q3,Tuesday,0
102055,2024-08-27,Burger King,Food & Dining,207.91,Cash,Online,Expense,-425833.48,2024,8,August,Q3,Tuesday,0
102056,2024-08-27,Ajio,Shopping,1480.12,Net Banking,New Delhi,Expense,-427313.6,2024,8,August,Q3,Tuesday,0
102057,2024-08-28,Printing Shop,Miscellaneous,541.47,UPI,Noida,Expense,-427855.07,2024,8,August,Q3,Wednesday,0
102058,2024-09-01,IIT Delhi,Salary/Stipend,17776.78,Net Banking,New Delhi,Income,-410078.29,2024,9,September,Q3,Sunday,1
102059,2024-09-01,Flipkart,Shopping,402.03,Credit Card,New Delhi,Expense,-410480.32,2024,9,September,Q3,Sunday,1
102060,2024-09-02,Parents,Family Support,42648.48,Net Banking,Hyderabad,Income,-367831.84,2024,9,September,Q3,Monday,0
102061,2024-09-02,Groww,Investment,1176.27,UPI,Online,Expense,-369008.11,2024,9,September,Q3,Monday,0
102062,2024-09-02,Ola,Transportation,98.92,Credit Card,New Delhi,Expense,-369107.03,2024,9,September,Q3,Monday,0
102063,2024-09-02,Zomato,Food & Dining,95.36,Cash,Noida,Expense,-369202.39,2024,9,September,Q3,Monday,0
102064,2024-09-03,Uber,Transportation,106.51,Credit Card,Unknown,Expense,-369308.9,2024,9,September,Q3,Tuesday,0
102065,2024-09-03,Spotify,Entertainment,765.68,Net Banking,Gurugram,Expense,-370074.58,2024,9,September,Q3,Tuesday,0
102066,2024-09-03,Ajio,Shopping,1782.29,Debit Card,Noida,Expense,-371856.87,2024,9,September,Q3,Tuesday,0
102067,2024-09-03,Zerodha,Investment,1524.81,Net Banking,Hyderabad,Expense,-373381.68,2024,9,September,Q3,Tuesday,0
102068,2024-09-03,PVR Cinemas,Entertainment,255.71,Credit Card,Hyderabad,Expense,-373637.39,2024,9,September,Q3,Tuesday,0
102069,2024-09-04,Hostel Fee,Rent,5189.22,UPI,New Delhi,Expense,-378826.61,2024,9,September,Q3,Wednesday,0
102070,2024-09-04,Burger King,Food & Dining,268.33,Cash,Gurugram,Expense,-379094.94,2024,9,September,Q3,Wednesday,0
102071,2024-09-04,Airtel,Bills,626.57,UPI,Gurugram,Expense,-379721.51,2024,9,September,Q3,Wednesday,0
102072,2024-09-04,Swiggy,Food & Dining,143.37,Net Banking,Online,Expense,-379864.88,2024,9,September,Q3,Wednesday,0
102073,2024-09-04,Netflix,Entertainment,339.1,Cash,Online,Expense,-380203.98,2024,9,September,Q3,Wednesday,0
102074,2024-09-04,Gift Shop,Miscellaneous,739.39,Cash,Online,Expense,-380943.37,2024,9,September,Q3,Wednesday,0
102075,2024-09-05,Apollo Pharmacy,Health,1362.85,Cash,New Delhi,Expense,-382306.22,2024,9,September,Q3,Thursday,0
102076,2024-09-05,Printing Shop,Miscellaneous,792.45,Net Banking,Online,Expense,-383098.67,2024,9,September,Q3,Thursday,0
102077,2024-09-05,Uber,Transportation,194.18,Credit Card,Online,Expense,-383292.85,2024,9,September,Q3,Thursday,0
102078,2024-09-06,BSES,Bills,1024.75,UPI,Mumbai,Expense,-384317.6,2024,9,September,Q3,Friday,0
102079,2024-09-06,Delhi Metro,Transportation,220.66,UPI,Hyderabad,Expense,-384538.26,2024,9,September,Q3,Friday,0
102080,2024-09-07,Amazon,Shopping,2069.51,Net Banking,New Delhi,Expense,-386607.77,2024,9,September,Q3,Saturday,1
102081,2024-09-07,Airtel,Bills,835.52,Net Banking,New Delhi,Expense,-387443.29,2024,9,September,Q3,Saturday,1
102082,2024-09-07,LeetCode,Education,430.66,UPI,Noida,Expense,-387873.95,2024,9,September,Q3,Saturday,1
102083,2024-09-07,Rapido,Transportation,30.22,Credit Card,Mumbai,Expense,-387904.17,2024,9,September,Q3,Saturday,1
102084,2024-09-07,Domino's,Food & Dining,100.91,Net Banking,Gurugram,Expense,-388005.08,2024,9,September,Q3,Saturday,1
102085,2024-09-07,Myntra,Shopping,308.0,Net Banking,Online,Expense,-388313.08,2024,9,September,Q3,Saturday,1
102086,2024-09-08,Reliance Fresh,Groceries,659.14,Credit Card,Online,Expense,-388972.22,2024,9,September,Q3,Sunday,1
102087,2024-09-08,Uber,Transportation,47.12,Net Banking,Hyderabad,Expense,-389019.34,2024,9,September,Q3,Sunday,1
102088,2024-09-08,Reliance Fresh,Groceries,894.46,UPI,Gurugram,Expense,-389913.8,2024,9,September,Q3,Sunday,1
102089,2024-09-08,Uber,Transportation,147.28,Debit Card,Gurugram,Expense,-390061.08,2024,9,September,Q3,Sunday,1
102090,2024-09-08,Delhi Metro,Transportation,76.13,Credit Card,Online,Expense,-390137.21,2024,9,September,Q3,Sunday,1
102091,2024-09-09,Chaayos,Food & Dining,292.42,Cash,Noida,Expense,-390429.63,2024,9,September,Q3,Monday,0
102092,2024-09-09,Chaayos,Food & Dining,112.61,Net Banking,Mumbai,Expense,-390542.24,2024,9,September,Q3,Monday,0
102093,2024-09-09,Rapido,Transportation,47.27,Cash,Noida,Expense,-390589.51,2024,9,September,Q3,Monday,0
102094,2024-09-09,Coursera,Education,934.65,Credit Card,Mumbai,Expense,-391524.16,2024,9,September,Q3,Monday,0
102095,2024-09-09,Uber,Transportation,218.84,Debit Card,New Delhi,Expense,-391743.0,2024,9,September,Q3,Monday,0
102096,2024-09-10,Delhi Metro,Transportation,71.52,Cash,Mumbai,Expense,-391814.52,2024,9,September,Q3,Tuesday,0
102097,2024-09-10,Uber,Transportation,32.02,Net Banking,Gurugram,Expense,-391846.54,2024,9,September,Q3,Tuesday,0
102098,2024-09-10,Uber,Transportation,236.77,Credit Card,Gurugram,Expense,-392083.31,2024,9,September,Q3,Tuesday,0
102099,2024-09-11,Uber,Transportation,160.38,Cash,Noida,Expense,-392243.69,2024,9,September,Q3,Wednesday,0
102100,2024-09-11,Gift Shop,Miscellaneous,440.25,Credit Card,Hyderabad,Expense,-392683.94,2024,9,September,Q3,Wednesday,0
102101,2024-09-11,Uber,Transportation,209.68,UPI,New Delhi,Expense,-392893.62,2024,9,September,Q3,Wednesday,0
102102,2024-09-12,BigBasket,Groceries,377.04,Credit Card,Hyderabad,Expense,-393270.66,2024,9,September,Q3,Thursday,0
102103,2024-09-12,Domino's,Food & Dining,243.88,Cash,Mumbai,Expense,-393514.54,2024,9,September,Q3,Thursday,0
102104,2024-09-13,Tata 1mg,Health,1196.73,Net Banking,Mumbai,Expense,-394711.27,2024,9,September,Q3,Friday,0
102105,2024-09-13,McDonald's,Food & Dining,310.74,UPI,Online,Expense,-395022.01,2024,9,September,Q3,Friday,0
102106,2024-09-13,Printing Shop,Miscellaneous,754.95,UPI,Mumbai,Expense,-395776.96,2024,9,September,Q3,Friday,0
102107,2024-09-13,Udemy,Education,1079.61,Debit Card,New Delhi,Expense,-396856.57,2024,9,September,Q3,Friday,0
102108,2024-09-14,Campus Project,Freelance,11835.78,Net Banking,Hyderabad,Income,-385020.79,2024,9,September,Q3,Saturday,1
102109,2024-09-14,Amazon Pay,Cashback,203.66,UPI,Hyderabad,Income,-384817.13,2024,9,September,Q3,Saturday,1
102110,2024-09-14,Stationery,Miscellaneous,338.06,UPI,Hyderabad,Expense,-385155.19,2024,9,September,Q3,Saturday,1
102111,2024-09-14,Gift Shop,Miscellaneous,74.21,Net Banking,Gurugram,Expense,-385229.4,2024,9,September,Q3,Saturday,1
102112,2024-09-14,Blinkit,Groceries,637.75,Debit Card,Noida,Expense,-385867.15,2024,9,September,Q3,Saturday,1
102113,2024-09-14,Airtel,Bills,712.27,Net Banking,New Delhi,Expense,-386579.42,2024,9,September,Q3,Saturday,1
102114,2024-09-15,Uber,Transportation,51.69,Net Banking,Gurugram,Expense,-386631.11,2024,9,September,Q3,Sunday,1
102115,2024-09-15,Stationery,Miscellaneous,537.43,UPI,Online,Expense,-387168.54,2024,9,September,Q3,Sunday,1
102116,2024-09-15,DMart,Groceries,479.93,Debit Card,Online,Expense,-387648.47,2024,9,September,Q3,Sunday,1
102117,2024-09-15,BookMyShow,Entertainment,348.47,Cash,Mumbai,Expense,-387996.94,2024,9,September,Q3,Sunday,1
102118,2024-09-16,Burger King,Food & Dining,177.82,Credit Card,Online,Expense,-388174.76,2024,9,September,Q3,Monday,0
102119,2024-09-16,Reliance Fresh,Groceries,261.3,Credit Card,Online,Expense,-388436.06,2024,9,September,Q3,Monday,0
102120,2024-09-16,Flipkart,Shopping,900.91,Credit Card,Mumbai,Expense,-389336.97,2024,9,September,Q3,Monday,0
102121,2024-09-17,Chaayos,Food & Dining,271.3,Net Banking,Gurugram,Expense,-389608.27,2024,9,September,Q3,Tuesday,0
102122,2024-09-17,Zomato,Food & Dining,117.03,Debit Card,Mumbai,Expense,-389725.3,2024,9,September,Q3,Tuesday,0
102123,2024-09-17,Netflix,Entertainment,741.44,Credit Card,New Delhi,Expense,-390466.74,2024,9,September,Q3,Tuesday,0
102124,2024-09-18,Uber,Transportation,113.85,Debit Card,Noida,Expense,-390580.59,2024,9,September,Q3,Wednesday,0
102125,2024-09-18,Coursera,Education,1001.49,UPI,Gurugram,Expense,-391582.08,2024,9,September,Q3,Wednesday,0
102126,2024-09-18,Ola,Transportation,42.07,UPI,Hyderabad,Expense,-391624.15,2024,9,September,Q3,Wednesday,0
102127,2024-09-18,Udemy,Education,2411.68,UPI,Online,Expense,-394035.83,2024,9,September,Q3,Wednesday,0
102128,2024-09-19,Sbi Savings,Interest,453.22,Net Banking,Hyderabad,Income,-393582.61,2024,9,September,Q3,Thursday,0
102129,2024-09-19,Domino's,Food & Dining,167.5,Net Banking,Hyderabad,Expense,-393750.11,2024,9,September,Q3,Thursday,0
102130,2024-09-19,DMart,Groceries,754.25,Debit Card,New Delhi,Expense,-394504.36,2024,9,September,Q3,Thursday,0
102131,2024-09-19,Ajio,Shopping,858.17,Debit Card,New Delhi,Expense,-395362.53,2024,9,September,Q3,Thursday,0
102132,2024-09-19,Swiggy,Food & Dining,331.18,UPI,Hyderabad,Expense,-395693.71,2024,9,September,Q3,Thursday,0
102133,2024-09-19,Spotify,Entertainment,385.33,Net Banking,Gurugram,Expense,-396079.04,2024,9,September,Q3,Thursday,0
102134,2024-09-19,Delhi Metro,Transportation,136.99,UPI,Noida,Expense,-396216.03,2024,9,September,Q3,Thursday,0
102135,2024-09-19,Rapido,Transportation,98.46,Debit Card,Gurugram,Expense,-396314.49,2024,9,September,Q3,Thursday,0
102136,2024-09-20,BSES,Bills,1038.51,Cash,Hyderabad,Expense,-397353.0,2024,9,September,Q3,Friday,0
102137,2024-09-20,Groww,Investment,1995.37,Net Banking,Online,Expense,-399348.37,2024,9,September,Q3,Friday,0
102138,2024-09-20,Unknown Merchant,Transportation,92.25,Debit Card,Noida,Expense,-399440.62,2024,9,September,Q3,Friday,0
102139,2024-09-20,Gate Academy,Education,1852.1,Debit Card,New Delhi,Expense,-401292.72,2024,9,September,Q3,Friday,0
102140,2024-09-20,Delhi Metro,Transportation,110.76,Debit Card,Gurugram,Expense,-401403.48,2024,9,September,Q3,Friday,0
102141,2024-09-20,BigBasket,Groceries,581.35,UPI,Gurugram,Expense,-401984.83,2024,9,September,Q3,Friday,0
102142,2024-09-21,Reliance Fresh,Groceries,249.91,Credit Card,Gurugram,Expense,-402234.74,2024,9,September,Q3,Saturday,1
102143,2024-09-21,Stationery,Miscellaneous,335.82,UPI,Noida,Expense,-402570.56,2024,9,September,Q3,Saturday,1
102144,2024-09-21,Blinkit,Groceries,898.36,Net Banking,Mumbai,Expense,-403468.92,2024,9,September,Q3,Saturday,1
102145,2024-09-21,Hostel Laundry,Bills,506.86,Cash,Gurugram,Expense,-403975.78,2024,9,September,Q3,Saturday,1
102146,2024-09-22,Domino's,Food & Dining,291.94,Cash,New Delhi,Expense,-404267.72,2024,9,September,Q3,Sunday,1
102147,2024-09-22,Gift Shop,Miscellaneous,424.58,Debit Card,Noida,Expense,-404692.3,2024,9,September,Q3,Sunday,1
102148,2024-09-22,Airtel,Bills,517.33,Net Banking,Online,Expense,-405209.63,2024,9,September,Q3,Sunday,1
102149,2024-09-22,Delhi Metro,Transportation,185.9,Net Banking,Online,Expense,-405395.53,2024,9,September,Q3,Sunday,1
102150,2024-09-22,Burger King,Food & Dining,90.4,Cash,Hyderabad,Expense,-405485.93,2024,9,September,Q3,Sunday,1
102151,2024-09-23,Zomato,Food & Dining,286.73,Cash,Mumbai,Expense,-405772.66,2024,9,September,Q3,Monday,0
102152,2024-09-23,Practo,Health,449.96,Debit Card,Noida,Expense,-406222.62,2024,9,September,Q3,Monday,0
102153,2024-09-23,Chaayos,Food & Dining,164.54,Net Banking,Hyderabad,Expense,-406387.16,2024,9,September,Q3,Monday,0
102154,2024-09-23,Ola,Transportation,243.65,Cash,Mumbai,Expense,-406630.81,2024,9,September,Q3,Monday,0
102155,2024-09-24,IndiGo,Travel,6602.46,UPI,Noida,Expense,-413233.27,2024,9,September,Q3,Tuesday,0
102156,2024-09-24,Swiggy,Food & Dining,90.1,Cash,Gurugram,Expense,-413323.37,2024,9,September,Q3,Tuesday,0
102157,2024-09-24,Printing Shop,Miscellaneous,768.31,Net Banking,Online,Expense,-414091.68,2024,9,September,Q3,Tuesday,0
102158,2024-09-24,Airtel,Bills,349.84,UPI,Mumbai,Expense,-414441.52,2024,9,September,Q3,Tuesday,0
102159,2024-09-24,Reliance Fresh,Groceries,242.06,UPI,Noida,Expense,-414683.58,2024,9,September,Q3,Tuesday,0
102160,2024-09-24,Chaayos,Food & Dining,87.38,Net Banking,Online,Expense,-414770.96,2024,9,September,Q3,Tuesday,0
102161,2024-09-24,Amazon,Shopping,2010.88,UPI,Hyderabad,Expense,-416781.84,2024,9,September,Q3,Tuesday,0
102162,2024-09-24,Uber,Transportation,124.3,Debit Card,New Delhi,Expense,-416906.14,2024,9,September,Q3,Tuesday,0
102163,2024-09-25,Chaayos,Food & Dining,94.95,Credit Card,Hyderabad,Expense,-417001.09,2024,9,September,Q3,Wednesday,0
102164,2024-09-25,Tata 1mg,Health,1647.09,Debit Card,Hyderabad,Expense,-418648.18,2024,9,September,Q3,Wednesday,0
102165,2024-09-25,Delhi Metro,Transportation,185.42,Credit Card,Online,Expense,-418833.6,2024,9,September,Q3,Wednesday,0
102166,2024-09-26,Unknown Merchant,Miscellaneous,636.82,UPI,New Delhi,Expense,-419470.42,2024,9,September,Q3,Thursday,0
102167,2024-09-26,Swiggy,Food & Dining,317.19,Net Banking,Online,Expense,-419787.61,2024,9,September,Q3,Thursday,0
102168,2024-09-27,McDonald's,Food & Dining,136.02,Net Banking,Gurugram,Expense,-419923.63,2024,9,September,Q3,Friday,0
102169,2024-09-27,Delhi Metro,Transportation,171.98,Credit Card,Online,Expense,-420095.61,2024,9,September,Q3,Friday,0
102170,2024-09-27,Spotify,Entertainment,260.83,Net Banking,Noida,Expense,-420356.44,2024,9,September,Q3,Friday,0
102171,2024-09-27,BookMyShow,Entertainment,464.63,Debit Card,New Delhi,Expense,-420821.07,2024,9,September,Q3,Friday,0
102172,2024-09-28,Ola,Transportation,226.94,UPI,Online,Expense,-421048.01,2024,9,September,Q3,Saturday,1
102173,2024-09-28,Unknown Merchant,Food & Dining,127.11,UPI,Noida,Expense,-421175.12,2024,9,September,Q3,Saturday,1
102174,2024-09-28,Domino's,Food & Dining,308.13,Net Banking,Mumbai,Expense,-421483.25,2024,9,September,Q3,Saturday,1
102175,2024-10-01,IIT Delhi,Salary/Stipend,14600.27,Net Banking,New Delhi,Income,-406882.98,2024,10,October,Q4,Tuesday,0
102176,2024-10-01,Stationery,Miscellaneous,599.48,Net Banking,Hyderabad,Expense,-407482.46,2024,10,October,Q4,Tuesday,0
102177,2024-10-01,LeetCode,Education,1219.92,UPI,Online,Expense,-408702.38,2024,10,October,Q4,Tuesday,0
102178,2024-10-01,BigBasket,Groceries,772.06,Cash,Noida,Expense,-409474.44,2024,10,October,Q4,Tuesday,0
102179,2024-10-01,Domino's,Food & Dining,98.1,Credit Card,Noida,Expense,-409572.54,2024,10,October,Q4,Tuesday,0
102180,2024-10-01,Udemy,Education,760.47,Credit Card,New Delhi,Expense,-410333.01,2024,10,October,Q4,Tuesday,0
102181,2024-10-01,Chaayos,Food & Dining,234.49,Cash,Hyderabad,Expense,-410567.5,2024,10,October,Q4,Tuesday,0
102182,2024-10-01,Ola,Transportation,164.12,UPI,Noida,Expense,-410731.62,2024,10,October,Q4,Tuesday,0
102183,2024-10-02,Parents,Family Support,28807.97,Net Banking,Hyderabad,Income,-381923.65,2024,10,October,Q4,Wednesday,0
102184,2024-10-02,Delhi Metro,Transportation,79.96,Cash,Mumbai,Expense,-382003.61,2024,10,October,Q4,Wednesday,0
102185,2024-10-02,Domino's,Food & Dining,251.79,Cash,Online,Expense,-382255.4,2024,10,October,Q4,Wednesday,0
102186,2024-10-02,Ola,Transportation,226.07,Net Banking,Online,Expense,-382481.47,2024,10,October,Q4,Wednesday,0
102187,2024-10-03,Reliance Fresh,Groceries,644.53,UPI,Mumbai,Expense,-383126.0,2024,10,October,Q4,Thursday,0
102188,2024-10-03,Flipkart,Shopping,1677.53,Credit Card,Mumbai,Expense,-384803.53,2024,10,October,Q4,Thursday,0
102189,2024-10-03,McDonald's,Food & Dining,198.69,Debit Card,Hyderabad,Expense,-385002.22,2024,10,October,Q4,Thursday,0
102190,2024-10-04,Hostel Fee,Rent,4923.9,UPI,New Delhi,Expense,-389926.12,2024,10,October,Q4,Friday,0
102191,2024-10-04,Ola,Transportation,172.36,Cash,Gurugram,Expense,-390098.48,2024,10,October,Q4,Friday,0
102192,2024-10-04,Flipkart,Shopping,3865.11,Cash,Hyderabad,Expense,-393963.59,2024,10,October,Q4,Friday,0
102193,2024-10-04,Swiggy,Food & Dining,305.2,Cash,Mumbai,Expense,-394268.79,2024,10,October,Q4,Friday,0
102194,2024-10-05,Apollo Pharmacy,Health,1145.37,Cash,New Delhi,Expense,-395414.16,2024,10,October,Q4,Saturday,1
102195,2024-10-05,Campus Canteen,Food & Dining,321.45,Credit Card,Unknown,Expense,-395735.61,2024,10,October,Q4,Saturday,1
102196,2024-10-05,Campus Canteen,Food & Dining,285.55,Debit Card,New Delhi,Expense,-396021.16,2024,10,October,Q4,Saturday,1
102197,2024-10-05,NPS,Investment,1963.06,Net Banking,Noida,Expense,-397984.22,2024,10,October,Q4,Saturday,1
102198,2024-10-06,Campus Canteen,Food & Dining,327.86,UPI,Noida,Expense,-398312.08,2024,10,October,Q4,Sunday,1
102199,2024-10-07,Campus Canteen,Food & Dining,230.59,Credit Card,New Delhi,Expense,-398542.67,2024,10,October,Q4,Monday,0
102200,2024-10-07,Rapido,Transportation,161.9,Debit Card,Noida,Expense,-398704.57,2024,10,October,Q4,Monday,0
102201,2024-10-07,Tata 1mg,Health,1792.25,Debit Card,Hyderabad,Expense,-400496.82,2024,10,October,Q4,Monday,0
102202,2024-10-07,Jio,Bills,1091.63,Net Banking,New Delhi,Expense,-401588.45,2024,10,October,Q4,Monday,0
102203,2024-10-08,Myntra Refund,Refund,387.72,UPI,New Delhi,Income,-401200.73,2024,10,October,Q4,Tuesday,0
102204,2024-10-08,Uber,Transportation,147.18,UPI,New Delhi,Expense,-401347.91,2024,10,October,Q4,Tuesday,0
102205,2024-10-08,Campus Canteen,Food & Dining,161.4,Credit Card,New Delhi,Expense,-401509.31,2024,10,October,Q4,Tuesday,0
102206,2024-10-08,Gate Academy,Education,1473.05,UPI,Online,Expense,-402982.36,2024,10,October,Q4,Tuesday,0
102207,2024-10-08,Stationery,Miscellaneous,474.98,Cash,Gurugram,Expense,-403457.34,2024,10,October,Q4,Tuesday,0
102208,2024-10-09,DMart,Groceries,159.75,Debit Card,Mumbai,Expense,-403617.09,2024,10,October,Q4,Wednesday,0
102209,2024-10-09,Ola,Transportation,86.03,Net Banking,Gurugram,Expense,-403703.12,2024,10,October,Q4,Wednesday,0
102210,2024-10-09,Ola,Transportation,212.11,Credit Card,Gurugram,Expense,-403915.23,2024,10,October,Q4,Wednesday,0
102211,2024-10-10,Amazon Pay,Cashback,184.18,UPI,Online,Income,-403731.05,2024,10,October,Q4,Thursday,0
102212,2024-10-10,Reliance Fresh,Groceries,865.75,Debit Card,Mumbai,Expense,-404596.8,2024,10,October,Q4,Thursday,0
102213,2024-10-10,Chaayos,Food & Dining,132.01,Cash,Hyderabad,Expense,-404728.81,2024,10,October,Q4,Thursday,0
102214,2024-10-10,Uber,Transportation,128.49,Credit Card,Hyderabad,Expense,-404857.3,2024,10,October,Q4,Thursday,0
102215,2024-10-11,BookMyShow,Entertainment,283.12,Cash,Online,Expense,-405140.42,2024,10,October,Q4,Friday,0
102216,2024-10-11,Campus Canteen,Food & Dining,204.98,Credit Card,Noida,Expense,-405345.4,2024,10,October,Q4,Friday,0
102217,2024-10-11,Stationery,Miscellaneous,453.3,UPI,Hyderabad,Expense,-405798.7,2024,10,October,Q4,Friday,0
102218,2024-10-11,BSES,Bills,942.66,Net Banking,Mumbai,Expense,-406741.36,2024,10,October,Q4,Friday,0
102219,2024-10-11,Swiggy,Food & Dining,238.27,Debit Card,Gurugram,Expense,-406979.63,2024,10,October,Q4,Friday,0
102220,2024-10-11,Printing Shop,Miscellaneous,603.09,Debit Card,Mumbai,Expense,-407582.72,2024,10,October,Q4,Friday,0
102221,2024-10-12,Chaayos,Food & Dining,270.28,Net Banking,New Delhi,Expense,-407853.0,2024,10,October,Q4,Saturday,1
102222,2024-10-12,Printing Shop,Miscellaneous,438.99,Credit Card,Noida,Expense,-408291.99,2024,10,October,Q4,Saturday,1
102223,2024-10-12,Reliance Fresh,Groceries,267.34,Debit Card,Mumbai,Expense,-408559.33,2024,10,October,Q4,Saturday,1
102224,2024-10-13,Ola,Transportation,80.51,Debit Card,Online,Expense,-408639.84,2024,10,October,Q4,Sunday,1
102225,2024-10-13,BigBasket,Groceries,747.56,Net Banking,Online,Expense,-409387.4,2024,10,October,Q4,Sunday,1
102226,2024-10-13,Printing Shop,Miscellaneous,310.68,Credit Card,Online,Expense,-409698.08,2024,10,October,Q4,Sunday,1
102227,2024-10-13,Chaayos,Food & Dining,343.3,Credit Card,Online,Expense,-410041.38,2024,10,October,Q4,Sunday,1
102228,2024-10-14,Amazon,Shopping,3136.85,Debit Card,Gurugram,Expense,-413178.23,2024,10,October,Q4,Monday,0
102229,2024-10-14,Delhi Metro,Transportation,71.12,Cash,Gurugram,Expense,-413249.35,2024,10,October,Q4,Monday,0
102230,2024-10-15,NPS,Investment,1089.35,Cash,Hyderabad,Expense,-414338.7,2024,10,October,Q4,Tuesday,0
102231,2024-10-15,Netflix,Entertainment,216.34,UPI,Online,Expense,-414555.04,2024,10,October,Q4,Tuesday,0
102232,2024-10-15,Chaayos,Food & Dining,178.74,Debit Card,Mumbai,Expense,-414733.78,2024,10,October,Q4,Tuesday,0
102233,2024-10-15,DMart,Groceries,238.29,Net Banking,Online,Expense,-414972.07,2024,10,October,Q4,Tuesday,0
102234,2024-10-16,Burger King,Food & Dining,231.85,Cash,Gurugram,Expense,-415203.92,2024,10,October,Q4,Wednesday,0
102235,2024-10-16,Airtel,Bills,639.33,UPI,Gurugram,Expense,-415843.25,2024,10,October,Q4,Wednesday,0
102236,2024-10-17,Jio,Bills,197.58,UPI,Online,Expense,-416040.83,2024,10,October,Q4,Thursday,0
102237,2024-10-17,BookMyShow,Entertainment,468.59,Cash,New Delhi,Expense,-416509.42,2024,10,October,Q4,Thursday,0
102238,2024-10-17,Blinkit,Groceries,619.62,Credit Card,Mumbai,Expense,-417129.04,2024,10,October,Q4,Thursday,0
102239,2024-10-17,Rapido,Transportation,197.65,Credit Card,New Delhi,Expense,-417326.69,2024,10,October,Q4,Thursday,0
102240,2024-10-18,Zomato,Food & Dining,316.42,UPI,Hyderabad,Expense,-417643.11,2024,10,October,Q4,Friday,0
102241,2024-10-18,Airtel,Bills,242.14,UPI,Online,Expense,-417885.25,2024,10,October,Q4,Friday,0
102242,2024-10-18,BookMyShow,Entertainment,579.76,Debit Card,Noida,Expense,-418465.01,2024,10,October,Q4,Friday,0
102243,2024-10-19,Tata 1mg,Health,262.45,Credit Card,Hyderabad,Expense,-418727.46,2024,10,October,Q4,Saturday,1
102244,2024-10-19,Swiggy,Food & Dining,128.15,Credit Card,Hyderabad,Expense,-418855.61,2024,10,October,Q4,Saturday,1
102245,2024-10-20,Flipkart,Shopping,3304.2,UPI,Gurugram,Expense,-422159.81,2024,10,October,Q4,Sunday,1
102246,2024-10-20,Chaayos,Food & Dining,118.16,Cash,Hyderabad,Expense,-422277.97,2024,10,October,Q4,Sunday,1
102247,2024-10-20,BigBasket,Groceries,303.35,Net Banking,Hyderabad,Expense,-422581.32,2024,10,October,Q4,Sunday,1
102248,2024-10-20,Zomato,Food & Dining,92.02,Net Banking,Online,Expense,-422673.34,2024,10,October,Q4,Sunday,1
102249,2024-10-21,Blinkit,Groceries,224.76,Cash,Gurugram,Expense,-422898.1,2024,10,October,Q4,Monday,0
102250,2024-10-21,Delhi Metro,Transportation,149.53,Debit Card,Noida,Expense,-423047.63,2024,10,October,Q4,Monday,0
102251,2024-10-21,Jio,Bills,508.79,Credit Card,Gurugram,Expense,-423556.42,2024,10,October,Q4,Monday,0
102252,2024-10-22,Hostel Fee,Rent,5579.91,Net Banking,Gurugram,Expense,-429136.33,2024,10,October,Q4,Tuesday,0
102253,2024-10-23,Flipkart,Shopping,1612.62,Debit Card,Gurugram,Expense,-430748.95,2024,10,October,Q4,Wednesday,0
102254,2024-10-23,Rapido,Transportation,198.0,Debit Card,Gurugram,Expense,-430946.95,2024,10,October,Q4,Wednesday,0
102255,2024-10-23,BigBasket,Groceries,182.94,Debit Card,Mumbai,Expense,-431129.89,2024,10,October,Q4,Wednesday,0
102256,2024-10-24,DMart,Groceries,704.76,UPI,Online,Expense,-431834.65,2024,10,October,Q4,Thursday,0
102257,2024-10-24,Domino's,Food & Dining,346.29,Net Banking,New Delhi,Expense,-432180.94,2024,10,October,Q4,Thursday,0
102258,2024-10-24,Jio,Bills,606.38,Debit Card,Mumbai,Expense,-432787.32,2024,10,October,Q4,Thursday,0
102259,2024-10-25,Unknown Merchant,Transportation,70.35,Cash,Online,Expense,-432857.67,2024,10,October,Q4,Friday,0
102260,2024-10-25,Printing Shop,Miscellaneous,763.59,UPI,Online,Expense,-433621.26,2024,10,October,Q4,Friday,0
102261,2024-10-25,Stationery,Miscellaneous,331.76,Credit Card,Hyderabad,Expense,-433953.02,2024,10,October,Q4,Friday,0
102262,2024-10-25,Gift Shop,Miscellaneous,325.46,Debit Card,Hyderabad,Expense,-434278.48,2024,10,October,Q4,Friday,0
102263,2024-10-26,Rapido,Transportation,48.44,Cash,Noida,Expense,-434326.92,2024,10,October,Q4,Saturday,1
102264,2024-10-27,Ola,Transportation,190.32,UPI,Gurugram,Expense,-434517.24,2024,10,October,Q4,Sunday,1
102265,2024-10-27,Ajio,Shopping,2810.25,Cash,Mumbai,Expense,-437327.49,2024,10,October,Q4,Sunday,1
102266,2024-10-27,NPS,Investment,1507.93,UPI,New Delhi,Expense,-438835.42,2024,10,October,Q4,Sunday,1
102267,2024-10-27,Swiggy,Food & Dining,281.64,Debit Card,Gurugram,Expense,-439117.06,2024,10,October,Q4,Sunday,1
102268,2024-10-28,Rapido,Transportation,69.47,UPI,Hyderabad,Expense,-439186.53,2024,10,October,Q4,Monday,0
102269,2024-10-28,Amazon,Shopping,2983.48,Net Banking,Mumbai,Expense,-442170.01,2024,10,October,Q4,Monday,0
102270,2024-10-28,Stationery,Miscellaneous,499.05,Debit Card,Mumbai,Expense,-442669.06,2024,10,October,Q4,Monday,0
102271,2024-10-28,Printing Shop,Miscellaneous,285.68,Debit Card,Noida,Expense,-442954.74,2024,10,October,Q4,Monday,0
102272,2024-11-01,IIT Delhi,Salary/Stipend,17962.53,Net Banking,New Delhi,Income,-424992.21,2024,11,November,Q4,Friday,0
102273,2024-11-01,Zomato,Food & Dining,97.5,Net Banking,Online,Expense,-425089.71,2024,11,November,Q4,Friday,0
102274,2024-11-01,DMart,Groceries,871.86,Cash,Hyderabad,Expense,-425961.57,2024,11,November,Q4,Friday,0
102275,2024-11-02,Parents,Family Support,31938.43,Net Banking,Hyderabad,Income,-394023.14,2024,11,November,Q4,Saturday,1
102276,2024-11-03,Jio,Bills,926.85,Credit Card,Online,Expense,-394949.99,2024,11,November,Q4,Sunday,1
102277,2024-11-03,Netflix,Entertainment,274.04,Credit Card,Mumbai,Expense,-395224.03,2024,11,November,Q4,Sunday,1
102278,2024-11-03,Printing Shop,Miscellaneous,478.48,Cash,Hyderabad,Expense,-395702.51,2024,11,November,Q4,Sunday,1
102279,2024-11-03,Hostel Fee,Rent,5793.25,Debit Card,Mumbai,Expense,-401495.76,2024,11,November,Q4,Sunday,1
102280,2024-11-04,Hostel Fee,Rent,4779.64,UPI,New Delhi,Expense,-406275.4,2024,11,November,Q4,Monday,0
102281,2024-11-04,Unknown Merchant,Groceries,402.5,Debit Card,Gurugram,Expense,-406677.9,2024,11,November,Q4,Monday,0
102282,2024-11-04,Rapido,Transportation,190.67,Net Banking,Gurugram,Expense,-406868.57,2024,11,November,Q4,Monday,0
102283,2024-11-04,Delhi Metro,Transportation,28.19,UPI,Hyderabad,Expense,-406896.76,2024,11,November,Q4,Monday,0
102284,2024-11-04,PVR Cinemas,Entertainment,247.06,UPI,Online,Expense,-407143.82,2024,11,November,Q4,Monday,0
102285,2024-11-05,Groww,Investment,1919.97,Debit Card,New Delhi,Expense,-409063.79,2024,11,November,Q4,Tuesday,0
102286,2024-11-05,Rapido,Transportation,209.2,Cash,Noida,Expense,-409272.99,2024,11,November,Q4,Tuesday,0
102287,2024-11-05,Ola,Transportation,28.22,Net Banking,Gurugram,Expense,-409301.21,2024,11,November,Q4,Tuesday,0
102288,2024-11-07,Ola,Transportation,137.61,Cash,Gurugram,Expense,-409438.82,2024,11,November,Q4,Thursday,0
102289,2024-11-08,Chaayos,Food & Dining,330.83,Net Banking,New Delhi,Expense,-409769.65,2024,11,November,Q4,Friday,0
102290,2024-11-08,Ola,Transportation,38.49,Cash,New Delhi,Expense,-409808.14,2024,11,November,Q4,Friday,0
102291,2024-11-08,DMart,Groceries,790.68,Debit Card,Hyderabad,Expense,-410598.82,2024,11,November,Q4,Friday,0
102292,2024-11-08,Swiggy,Food & Dining,271.43,Net Banking,Gurugram,Expense,-410870.25,2024,11,November,Q4,Friday,0
102293,2024-11-08,LeetCode,Education,1381.47,Debit Card,Gurugram,Expense,-412251.72,2024,11,November,Q4,Friday,0
102294,2024-11-09,Domino's,Food & Dining,213.23,Cash,Mumbai,Expense,-412464.95,2024,11,November,Q4,Saturday,1
102295,2024-11-09,Campus Canteen,Food & Dining,336.6,UPI,Online,Expense,-412801.55,2024,11,November,Q4,Saturday,1
102296,2024-11-10,Burger King,Food & Dining,124.92,Net Banking,Noida,Expense,-412926.47,2024,11,November,Q4,Sunday,1
102297,2024-11-10,Rapido,Transportation,95.24,Net Banking,Online,Expense,-413021.71,2024,11,November,Q4,Sunday,1
102298,2024-11-10,Gift Shop,Miscellaneous,369.28,Cash,Mumbai,Expense,-413390.99,2024,11,November,Q4,Sunday,1
102299,2024-11-11,Google Pay Rewards,Cashback,236.55,UPI,New Delhi,Income,-413154.44,2024,11,November,Q4,Monday,0
102300,2024-11-11,McDonald's,Food & Dining,180.77,Cash,Gurugram,Expense,-413335.21,2024,11,November,Q4,Monday,0
102301,2024-11-11,Delhi Metro,Transportation,157.83,UPI,Mumbai,Expense,-413493.04,2024,11,November,Q4,Monday,0
102302,2024-11-11,Spotify,Entertainment,761.84,Credit Card,Hyderabad,Expense,-414254.88,2024,11,November,Q4,Monday,0
102303,2024-11-12,Uber,Transportation,44.06,Credit Card,Online,Expense,-414298.94,2024,11,November,Q4,Tuesday,0
102304,2024-11-12,Domino's,Food & Dining,143.49,Net Banking,New Delhi,Expense,-414442.43,2024,11,November,Q4,Tuesday,0
102305,2024-11-12,Swiggy,Food & Dining,212.2,Net Banking,Mumbai,Expense,-414654.63,2024,11,November,Q4,Tuesday,0
102306,2024-11-12,Hostel Laundry,Bills,283.41,Cash,New Delhi,Expense,-414938.04,2024,11,November,Q4,Tuesday,0
102307,2024-11-12,Airtel,Bills,852.8,Net Banking,Mumbai,Expense,-415790.84,2024,11,November,Q4,Tuesday,0
102308,2024-11-13,Chaayos,Food & Dining,207.52,Cash,Mumbai,Expense,-415998.36,2024,11,November,Q4,Wednesday,0
102309,2024-11-13,Zomato,Food & Dining,327.58,Debit Card,Noida,Expense,-416325.94,2024,11,November,Q4,Wednesday,0
102310,2024-11-13,Blinkit,Groceries,869.94,UPI,Gurugram,Expense,-417195.88,2024,11,November,Q4,Wednesday,0
102311,2024-11-13,IRCTC,Travel,4581.49,Credit Card,New Delhi,Expense,-421777.37,2024,11,November,Q4,Wednesday,0
102312,2024-11-13,Reliance Fresh,Groceries,184.31,Debit Card,Gurugram,Expense,-421961.68,2024,11,November,Q4,Wednesday,0
102313,2024-11-13,BigBasket,Groceries,277.51,Cash,New Delhi,Expense,-422239.19,2024,11,November,Q4,Wednesday,0
102314,2024-11-13,BookMyShow,Entertainment,789.07,Debit Card,Noida,Expense,-423028.26,2024,11,November,Q4,Wednesday,0
102315,2024-11-13,Blinkit,Groceries,318.82,Cash,Gurugram,Expense,-423347.08,2024,11,November,Q4,Wednesday,0
102316,2024-11-14,Blinkit,Groceries,581.97,Cash,Noida,Expense,-423929.05,2024,11,November,Q4,Thursday,0
102317,2024-11-14,Swiggy,Food & Dining,137.03,Debit Card,Online,Expense,-424066.08,2024,11,November,Q4,Thursday,0
102318,2024-11-14,Ajio,Shopping,456.34,Net Banking,New Delhi,Expense,-424522.42,2024,11,November,Q4,Thursday,0
102319,2024-11-14,Uber,Transportation,87.45,Cash,Gurugram,Expense,-424609.87,2024,11,November,Q4,Thursday,0
102320,2024-11-14,BigBasket,Groceries,720.54,Credit Card,Gurugram,Expense,-425330.41,2024,11,November,Q4,Thursday,0
102321,2024-11-14,Stationery,Miscellaneous,780.69,UPI,Hyderabad,Expense,-426111.1,2024,11,November,Q4,Thursday,0
102322,2024-11-15,Ajio,Shopping,2863.66,Debit Card,New Delhi,Expense,-428974.76,2024,11,November,Q4,Friday,0
102323,2024-11-15,Printing Shop,Miscellaneous,506.99,Cash,Mumbai,Expense,-429481.75,2024,11,November,Q4,Friday,0
102324,2024-11-15,Reliance Fresh,Groceries,662.75,Credit Card,Online,Expense,-430144.5,2024,11,November,Q4,Friday,0
102325,2024-11-15,Printing Shop,Miscellaneous,298.0,Debit Card,Hyderabad,Expense,-430442.5,2024,11,November,Q4,Friday,0
102326,2024-11-16,Airtel,Bills,695.6,Debit Card,Gurugram,Expense,-431138.1,2024,11,November,Q4,Saturday,1
102327,2024-11-16,Printing Shop,Miscellaneous,229.49,Credit Card,Gurugram,Expense,-431367.59,2024,11,November,Q4,Saturday,1
102328,2024-11-17,McDonald's,Food & Dining,114.76,Cash,New Delhi,Expense,-431482.35,2024,11,November,Q4,Sunday,1
102329,2024-11-17,Swiggy,Food & Dining,244.62,Net Banking,Hyderabad,Expense,-431726.97,2024,11,November,Q4,Sunday,1
102330,2024-11-18,Gift Shop,Miscellaneous,165.6,UPI,Online,Expense,-431892.57,2024,11,November,Q4,Monday,0
102331,2024-11-18,Campus Canteen,Food & Dining,106.98,Cash,Mumbai,Expense,-431999.55,2024,11,November,Q4,Monday,0
102332,2024-11-19,Campus Project,Freelance,9296.88,Net Banking,Hyderabad,Income,-422702.67,2024,11,November,Q4,Tuesday,0
102333,2024-11-19,Myntra Refund,Refund,1851.65,UPI,Hyderabad,Income,-420851.02,2024,11,November,Q4,Tuesday,0
102334,2024-11-19,Blinkit,Groceries,392.24,Net Banking,New Delhi,Expense,-421243.26,2024,11,November,Q4,Tuesday,0
102335,2024-11-19,Rapido,Transportation,198.04,Net Banking,New Delhi,Expense,-421441.3,2024,11,November,Q4,Tuesday,0
102336,2024-11-19,Delhi Metro,Transportation,234.86,Credit Card,Hyderabad,Expense,-421676.16,2024,11,November,Q4,Tuesday,0
102337,2024-11-19,Zerodha,Investment,2484.11,Debit Card,Hyderabad,Expense,-424160.27,2024,11,November,Q4,Tuesday,0
102338,2024-11-19,Domino's,Food & Dining,347.88,Credit Card,Noida,Expense,-424508.15,2024,11,November,Q4,Tuesday,0
102339,2024-11-19,Domino's,Food & Dining,317.65,Debit Card,Gurugram,Expense,-424825.8,2024,11,November,Q4,Tuesday,0
102340,2024-11-20,Uber,Transportation,28.81,Cash,Hyderabad,Expense,-424854.61,2024,11,November,Q4,Wednesday,0
102341,2024-11-20,Apollo Pharmacy,Health,323.89,UPI,Online,Expense,-425178.5,2024,11,November,Q4,Wednesday,0
102342,2024-11-20,BigBasket,Groceries,233.37,Credit Card,Noida,Expense,-425411.87,2024,11,November,Q4,Wednesday,0
102343,2024-11-20,DMart,Groceries,686.85,Cash,Online,Expense,-426098.72,2024,11,November,Q4,Wednesday,0
102344,2024-11-21,Air India,Travel,1274.98,Cash,Online,Expense,-427373.7,2024,11,November,Q4,Thursday,0
102345,2024-11-21,Delhi Metro,Transportation,157.79,UPI,Noida,Expense,-427531.49,2024,11,November,Q4,Thursday,0
102346,2024-11-21,Amazon,Shopping,2725.97,Cash,Hyderabad,Expense,-430257.46,2024,11,November,Q4,Thursday,0
102347,2024-11-21,Gift Shop,Miscellaneous,433.67,Cash,New Delhi,Expense,-430691.13,2024,11,November,Q4,Thursday,0
102348,2024-11-21,Zerodha,Investment,895.76,Cash,Mumbai,Expense,-431586.89,2024,11,November,Q4,Thursday,0
102349,2024-11-21,Ola,Transportation,108.37,UPI,Noida,Expense,-431695.26,2024,11,November,Q4,Thursday,0
102350,2024-11-22,Ola,Transportation,125.94,Credit Card,Noida,Expense,-431821.2,2024,11,November,Q4,Friday,0
102351,2024-11-22,Unknown Merchant,Groceries,410.15,Credit Card,Hyderabad,Expense,-432231.35,2024,11,November,Q4,Friday,0
102352,2024-11-22,DMart,Groceries,211.98,Cash,New Delhi,Expense,-432443.33,2024,11,November,Q4,Friday,0
102353,2024-11-22,Delhi Metro,Transportation,117.91,UPI,Hyderabad,Expense,-432561.24,2024,11,November,Q4,Friday,0
102354,2024-11-22,Rapido,Transportation,92.53,UPI,Noida,Expense,-432653.77,2024,11,November,Q4,Friday,0
102355,2024-11-22,Gift Shop,Miscellaneous,324.85,Credit Card,Noida,Expense,-432978.62,2024,11,November,Q4,Friday,0
102356,2024-11-24,MakeMyTrip,Travel,1306.57,Debit Card,Gurugram,Expense,-434285.19,2024,11,November,Q4,Sunday,1
102357,2024-11-24,BookMyShow,Entertainment,298.72,Credit Card,Online,Expense,-434583.91,2024,11,November,Q4,Sunday,1
102358,2024-11-24,Ola,Transportation,87.82,Credit Card,Hyderabad,Expense,-434671.73,2024,11,November,Q4,Sunday,1
102359,2024-11-25,Swiggy,Food & Dining,227.63,Cash,Hyderabad,Expense,-434899.36,2024,11,November,Q4,Monday,0
102360,2024-11-25,IndiGo,Travel,2957.7,Debit Card,Online,Expense,-437857.06,2024,11,November,Q4,Monday,0
102361,2024-11-25,LeetCode,Education,2412.53,Net Banking,Hyderabad,Expense,-440269.59,2024,11,November,Q4,Monday,0
102362,2024-11-25,Chaayos,Food & Dining,308.71,Net Banking,New Delhi,Expense,-440578.3,2024,11,November,Q4,Monday,0
102363,2024-11-26,McDonald's,Food & Dining,135.93,Credit Card,Gurugram,Expense,-440714.23,2024,11,November,Q4,Tuesday,0
102364,2024-11-26,Amazon,Shopping,576.47,Debit Card,Online,Expense,-441290.7,2024,11,November,Q4,Tuesday,0
102365,2024-11-27,Hostel Laundry,Bills,1110.65,UPI,New Delhi,Expense,-442401.35,2024,11,November,Q4,Wednesday,0
102366,2024-11-28,PVR Cinemas,Entertainment,598.42,UPI,Noida,Expense,-442999.77,2024,11,November,Q4,Thursday,0
102367,2024-11-28,Unknown Merchant,Shopping,1751.68,UPI,Hyderabad,Expense,-444751.45,2024,11,November,Q4,Thursday,0
102368,2024-12-01,IIT Delhi,Salary/Stipend,15499.38,Net Banking,New Delhi,Income,-429252.07,2024,12,December,Q4,Sunday,1
102369,2024-12-01,Campus Canteen,Food & Dining,322.23,UPI,Gurugram,Expense,-429574.3,2024,12,December,Q4,Sunday,1
102370,2024-12-01,BSES,Bills,601.88,Cash,Hyderabad,Expense,-430176.18,2024,12,December,Q4,Sunday,1
102371,2024-12-01,Flipkart,Shopping,649.06,Net Banking,Noida,Expense,-430825.24,2024,12,December,Q4,Sunday,1
102372,2024-12-01,McDonald's,Food & Dining,86.97,UPI,Mumbai,Expense,-430912.21,2024,12,December,Q4,Sunday,1
102373,2024-12-01,BigBasket,Groceries,268.63,Credit Card,New Delhi,Expense,-431180.84,2024,12,December,Q4,Sunday,1
102374,2024-12-02,Unknown Merchant,Family Support,36684.7,Net Banking,Hyderabad,Income,-394496.14,2024,12,December,Q4,Monday,0
102375,2024-12-02,BookMyShow,Entertainment,354.49,UPI,Gurugram,Expense,-394850.63,2024,12,December,Q4,Monday,0
102376,2024-12-02,Printing Shop,Miscellaneous,392.05,Debit Card,Hyderabad,Expense,-395242.68,2024,12,December,Q4,Monday,0
102377,2024-12-02,Air India,Travel,7374.11,Debit Card,Hyderabad,Expense,-402616.79,2024,12,December,Q4,Monday,0
102378,2024-12-02,Uber,Transportation,131.86,Net Banking,Gurugram,Expense,-402748.65,2024,12,December,Q4,Monday,0
102379,2024-12-02,Burger King,Food & Dining,198.05,Debit Card,Hyderabad,Expense,-402946.7,2024,12,December,Q4,Monday,0
102380,2024-12-02,Swiggy,Food & Dining,206.85,Net Banking,Noida,Expense,-403153.55,2024,12,December,Q4,Monday,0
102381,2024-12-02,Gate Academy,Education,2309.87,Net Banking,Mumbai,Expense,-405463.42,2024,12,December,Q4,Monday,0
102382,2024-12-04,Hostel Fee,Rent,5215.46,UPI,New Delhi,Expense,-410678.88,2024,12,December,Q4,Wednesday,0
102383,2024-12-04,DMart,Groceries,792.3,Credit Card,Noida,Expense,-411471.18,2024,12,December,Q4,Wednesday,0
102384,2024-12-04,Rapido,Transportation,232.43,Credit Card,Mumbai,Expense,-411703.61,2024,12,December,Q4,Wednesday,0
102385,2024-12-04,Burger King,Food & Dining,230.74,Credit Card,Hyderabad,Expense,-411934.35,2024,12,December,Q4,Wednesday,0
102386,2024-12-04,Rapido,Transportation,78.72,UPI,New Delhi,Expense,-412013.07,2024,12,December,Q4,Wednesday,0
102387,2024-12-04,Zerodha,Investment,2171.08,Cash,Mumbai,Expense,-414184.15,2024,12,December,Q4,Wednesday,0
102388,2024-12-04,Ola,Transportation,223.99,Credit Card,Gurugram,Expense,-414408.14,2024,12,December,Q4,Wednesday,0
102389,2024-12-05,Domino's,Food & Dining,135.74,Net Banking,Mumbai,Expense,-414543.88,2024,12,December,Q4,Thursday,0
102390,2024-12-05,Amazon,Shopping,1801.53,Debit Card,Gurugram,Expense,-416345.41,2024,12,December,Q4,Thursday,0
102391,2024-12-05,Airtel,Bills,1125.95,Cash,Online,Expense,-417471.36,2024,12,December,Q4,Thursday,0
102392,2024-12-05,Campus Canteen,Food & Dining,332.8,Credit Card,Gurugram,Expense,-417804.16,2024,12,December,Q4,Thursday,0
102393,2024-12-05,BigBasket,Groceries,827.16,Net Banking,Gurugram,Expense,-418631.32,2024,12,December,Q4,Thursday,0
102394,2024-12-05,Flipkart,Shopping,1535.29,Net Banking,Noida,Expense,-420166.61,2024,12,December,Q4,Thursday,0
102395,2024-12-06,Netflix,Entertainment,244.3,UPI,Hyderabad,Expense,-420410.91,2024,12,December,Q4,Friday,0
102396,2024-12-06,Coursera,Education,540.66,Cash,Noida,Expense,-420951.57,2024,12,December,Q4,Friday,0
102397,2024-12-07,Swiggy,Food & Dining,102.51,Net Banking,Hyderabad,Expense,-421054.08,2024,12,December,Q4,Saturday,1
102398,2024-12-07,Udemy,Education,1280.85,Debit Card,Online,Expense,-422334.93,2024,12,December,Q4,Saturday,1
102399,2024-12-07,Campus Canteen,Food & Dining,177.8,Debit Card,Gurugram,Expense,-422512.73,2024,12,December,Q4,Saturday,1
102400,2024-12-07,Blinkit,Groceries,449.38,Net Banking,New Delhi,Expense,-422962.11,2024,12,December,Q4,Saturday,1
102401,2024-12-07,Spotify,Entertainment,321.82,UPI,Hyderabad,Expense,-423283.93,2024,12,December,Q4,Saturday,1
102402,2024-12-08,Rapido,Transportation,67.78,Cash,New Delhi,Expense,-423351.71,2024,12,December,Q4,Sunday,1
102403,2024-12-09,Reliance Fresh,Groceries,335.98,Credit Card,Noida,Expense,-423687.69,2024,12,December,Q4,Monday,0
102404,2024-12-09,BookMyShow,Entertainment,288.57,Debit Card,Gurugram,Expense,-423976.26,2024,12,December,Q4,Monday,0
102405,2024-12-09,Chaayos,Food & Dining,195.33,Credit Card,Hyderabad,Expense,-424171.59,2024,12,December,Q4,Monday,0
102406,2024-12-09,Ola,Transportation,117.59,Credit Card,Gurugram,Expense,-424289.18,2024,12,December,Q4,Monday,0
102407,2024-12-09,Jio,Bills,668.59,Debit Card,Online,Expense,-424957.77,2024,12,December,Q4,Monday,0
102408,2024-12-10,Rapido,Transportation,149.09,UPI,Noida,Expense,-425106.86,2024,12,December,Q4,Tuesday,0
102409,2024-12-11,DMart,Groceries,736.06,Credit Card,Online,Expense,-425842.92,2024,12,December,Q4,Wednesday,0
102410,2024-12-11,Rapido,Transportation,165.16,Net Banking,Gurugram,Expense,-426008.08,2024,12,December,Q4,Wednesday,0
102411,2024-12-11,Groww,Investment,1318.65,Credit Card,Noida,Expense,-427326.73,2024,12,December,Q4,Wednesday,0
102412,2024-12-11,Campus Canteen,Food & Dining,258.03,Cash,Mumbai,Expense,-427584.76,2024,12,December,Q4,Wednesday,0
102413,2024-12-12,BookMyShow,Entertainment,555.0,Cash,Hyderabad,Expense,-428139.76,2024,12,December,Q4,Thursday,0
102414,2024-12-12,Chaayos,Food & Dining,170.1,Debit Card,Online,Expense,-428309.86,2024,12,December,Q4,Thursday,0
102415,2024-12-12,Stationery,Miscellaneous,271.1,Debit Card,Online,Expense,-428580.96,2024,12,December,Q4,Thursday,0
102416,2024-12-12,Ajio,Shopping,1737.14,Credit Card,Online,Expense,-430318.1,2024,12,December,Q4,Thursday,0
102417,2024-12-14,NPS,Investment,2591.34,Debit Card,Noida,Expense,-432909.44,2024,12,December,Q4,Saturday,1
102418,2024-12-15,Flipkart,Shopping,500.93,Net Banking,Mumbai,Expense,-433410.37,2024,12,December,Q4,Sunday,1
102419,2024-12-15,Flipkart,Shopping,447.39,UPI,Mumbai,Expense,-433857.76,2024,12,December,Q4,Sunday,1
102420,2024-12-15,Ola,Transportation,83.68,Debit Card,New Delhi,Expense,-433941.44,2024,12,December,Q4,Sunday,1
102421,2024-12-15,Burger King,Food & Dining,235.31,Cash,Unknown,Expense,-434176.75,2024,12,December,Q4,Sunday,1
102422,2024-12-15,Printing Shop,Miscellaneous,294.96,Credit Card,Hyderabad,Expense,-434471.71,2024,12,December,Q4,Sunday,1
102423,2024-12-15,Swiggy,Food & Dining,316.96,Cash,New Delhi,Expense,-434788.67,2024,12,December,Q4,Sunday,1
102424,2024-12-16,Campus Canteen,Food & Dining,136.6,Net Banking,Gurugram,Expense,-434925.27,2024,12,December,Q4,Monday,0
102425,2024-12-16,Rapido,Transportation,35.25,Cash,Hyderabad,Expense,-434960.52,2024,12,December,Q4,Monday,0
102426,2024-12-17,Unknown Merchant,Groceries,389.41,Cash,Noida,Expense,-435349.93,2024,12,December,Q4,Tuesday,0
102427,2024-12-17,PVR Cinemas,Entertainment,249.25,Debit Card,Hyderabad,Expense,-435599.18,2024,12,December,Q4,Tuesday,0
102428,2024-12-17,Hostel Laundry,Bills,272.85,Net Banking,Online,Expense,-435872.03,2024,12,December,Q4,Tuesday,0
102429,2024-12-18,DMart,Groceries,353.61,UPI,Online,Expense,-436225.64,2024,12,December,Q4,Wednesday,0
102430,2024-12-18,Spotify,Entertainment,327.98,Credit Card,Hyderabad,Expense,-436553.62,2024,12,December,Q4,Wednesday,0
102431,2024-12-18,Airtel,Bills,731.5,Cash,Noida,Expense,-437285.12,2024,12,December,Q4,Wednesday,0
102432,2024-12-19,Air India,Travel,11243.53,Net Banking,Gurugram,Expense,-448528.65,2024,12,December,Q4,Thursday,0
102433,2024-12-19,Swiggy,Food & Dining,211.55,Net Banking,Online,Expense,-448740.2,2024,12,December,Q4,Thursday,0
102434,2024-12-19,Campus Canteen,Food & Dining,127.28,Net Banking,New Delhi,Expense,-448867.48,2024,12,December,Q4,Thursday,0
102435,2024-12-20,Reliance Fresh,Groceries,663.56,Net Banking,Mumbai,Expense,-449531.04,2024,12,December,Q4,Friday,0
102436,2024-12-20,Rapido,Transportation,87.58,UPI,New Delhi,Expense,-449618.62,2024,12,December,Q4,Friday,0
102437,2024-12-21,Ola,Transportation,233.0,Net Banking,Online,Expense,-449851.62,2024,12,December,Q4,Saturday,1
102438,2024-12-21,Chaayos,Food & Dining,190.37,Credit Card,Online,Expense,-450041.99,2024,12,December,Q4,Saturday,1
102439,2024-12-21,DMart,Groceries,581.11,UPI,Hyderabad,Expense,-450623.1,2024,12,December,Q4,Saturday,1
102440,2024-12-21,Hostel Fee,Rent,4626.68,Cash,New Delhi,Expense,-455249.78,2024,12,December,Q4,Saturday,1
102441,2024-12-21,Zerodha,Investment,1186.79,UPI,Noida,Expense,-456436.57,2024,12,December,Q4,Saturday,1
102442,2024-12-22,Domino's,Food & Dining,285.32,UPI,Online,Expense,-456721.89,2024,12,December,Q4,Sunday,1
102443,2024-12-22,Delhi Metro,Transportation,145.71,Net Banking,Hyderabad,Expense,-456867.6,2024,12,December,Q4,Sunday,1
102444,2024-12-22,Amazon,Shopping,570.84,UPI,Mumbai,Expense,-457438.44,2024,12,December,Q4,Sunday,1
102445,2024-12-23,Spotify,Entertainment,113.64,Credit Card,Mumbai,Expense,-457552.08,2024,12,December,Q4,Monday,0
102446,2024-12-23,Rapido,Transportation,240.74,Credit Card,Gurugram,Expense,-457792.82,2024,12,December,Q4,Monday,0
102447,2024-12-23,Practo,Health,1618.51,Credit Card,Noida,Expense,-459411.33,2024,12,December,Q4,Monday,0
102448,2024-12-24,Uber,Transportation,190.92,Credit Card,Hyderabad,Expense,-459602.25,2024,12,December,Q4,Tuesday,0
102449,2024-12-24,Rapido,Transportation,130.33,UPI,Mumbai,Expense,-459732.58,2024,12,December,Q4,Tuesday,0
102450,2024-12-24,McDonald's,Food & Dining,343.84,Credit Card,Noida,Expense,-460076.42,2024,12,December,Q4,Tuesday,0
102451,2024-12-24,Reliance Fresh,Groceries,707.96,Cash,New Delhi,Expense,-460784.38,2024,12,December,Q4,Tuesday,0
102452,2024-12-24,Uber,Transportation,53.4,Cash,Mumbai,Expense,-460837.78,2024,12,December,Q4,Tuesday,0
102453,2024-12-25,McDonald's,Food & Dining,122.22,Credit Card,Noida,Expense,-460960.0,2024,12,December,Q4,Wednesday,0
102454,2024-12-25,Rapido,Transportation,149.56,UPI,Online,Expense,-461109.56,2024,12,December,Q4,Wednesday,0
102455,2024-12-25,Jio,Bills,1029.17,Net Banking,Gurugram,Expense,-462138.73,2024,12,December,Q4,Wednesday,0
102456,2024-12-26,DMart,Groceries,792.69,Debit Card,Online,Expense,-462931.42,2024,12,December,Q4,Thursday,0
102457,2024-12-27,Practo,Health,1640.71,Net Banking,Noida,Expense,-464572.13,2024,12,December,Q4,Friday,0
102458,2024-12-27,Ola,Transportation,178.0,Credit Card,New Delhi,Expense,-464750.13,2024,12,December,Q4,Friday,0
102459,2024-12-27,Delhi Metro,Transportation,163.82,Net Banking,Gurugram,Expense,-464913.95,2024,12,December,Q4,Friday,0
102460,2024-12-28,NPS,Investment,1249.09,Credit Card,Gurugram,Expense,-466163.04,2024,12,December,Q4,Saturday,1
102461,2024-12-28,Uber,Transportation,116.6,Debit Card,Gurugram,Expense,-466279.64,2024,12,December,Q4,Saturday,1
