Transaction_ID,Date,Merchant,Category,Amount,Payment_Method,Location,Income_Expense,Account_Balance
100001,2023-01-01,IIT Delhi,Salary/Stipend,15836.56,Net Banking,New Delhi,Income,35836.56
100002,2023-01-01,IRCTC,Travel,6983.69,Net Banking,Gurugram,Expense,28852.87
100003,2023-01-01,Chaayos,Food & Dining,257.14,UPI,Online,Expense,28595.73
100004,2023-01-02,Parents,Family Support,39831.01,Net Banking,Hyderabad,Income,68426.74
100005,2023-01-02,Uber,Transport,218.68,UPI,Online,Expense,68208.06
100006,02-Jan-2023,Swiggy,Food & Dining,325.2,Cash,Gurugram,Expense,67882.86
100007,2023-01-03,HDFC Bank,Interest,222.52,Net Banking,Online,Income,68105.38
100008,2023-01-03,Swiggy,food & dining,317.06,Cash,New Delhi,Expense,67788.32
100009,2023-01-03,Udemy,Education,2191.2,Debit Card,Mumbai,Expense,65597.12
100010,03/01/2023,Hostel Fee,Rent,5754.04,Credit Card,Online,Expense,59843.08
100011,04/01/2023,Hostel Fee,Rent,5317.41,UPI,New Delhi,Expense,54525.67
100012,2023-01-04,Zomato,Food & Dining,92.72,Credit Card,Mumbai,Expense,54432.95
100013,04-Jan-2023,BSES,Bills,637.47,Debit Card,Noida,Expense,53795.48
100014,04/01/2023,Ajio,Shopping,678.42,Debit Card,Online,Expense,53117.06
100015,04/01/2023,Stationery,Miscellaneous,650.44,Credit Card,Noida,Expense,52466.62
100016,04/01/2023,Printing Shop,Miscellaneous,226.4,Credit Card,Hyderabad,Expense,52240.22
100017,2023-01-04,Airtel,Bills,719.29,Net Banking,Noida,Expense,51520.93
100018,04-Jan-2023,Blinkit,Groceries,838.1,Credit Card,Online,Expense,50682.83
100019,05-Jan-2023,IndiGo,Travel,4588.76,Cash,Hyderabad,Expense,46094.07
100020,05/01/2023,Campus Canteen,Food & Dining,170.06,Debit Card,Noida,Expense,45924.01
100021,05/01/2023,NPS,Investment,2227.55,  UPI ,Gurugram,Expense,43696.46
100022,2023-01-05,Airtel,Bills,262.9,Debit Card,Gurugram,Expense,43433.56
100023,05/01/2023,Uber,Transportation,205.51,UPI,Noida,Expense,43228.05
100024,06-Jan-2023,McDonald's,Food & Dining,276.86,Cash,Gurugram,Expense,42951.19
100025,06/01/2023,Burger King,Dining,180.96,Net Banking,New Delhi,Expense,42770.23
100026,06-Jan-2023,BigBasket,Groceries,255.14,Cash,Noida,Expense,42515.09
100027,06/01/2023,Groww,Investment,700.28,Net Banking,New Delhi,Expense,41814.81
100028,2023-01-07,Delhi Metro,Transportation,83.91,UPI,New Delhi,Expense,41730.9
100029,07-Jan-2023,BSES,Bills,889.37,Net Banking,Online,Expense,40841.53
100030,07/01/2023,Gift Shop,Miscellaneous,465.81,Cash,Mumbai,Expense,40375.72
100031,07-Jan-2023,Ajio,Shopping,933.72,Net Banking,,Expense,39442.0
100032,08-Jan-2023,Gift Shop,Miscellaneous,84.37,UPI,Noida,Expense,39357.63
100033,08/01/2023,Udemy,Education,1178.68,Net Banking,Online,Expense,38178.95
100034,08/01/2023,Spotify,Entertainment,748.03,Credit Card,Online,Expense,37430.92
100035,2023-01-08,Udemy,Education,2188.91,,Gurugram,Expense,35242.01
100036,08/01/2023,Ola,Transportation,202.93,UPI,Mumbai,Expense,35039.08
100037,09/01/2023,Gift Shop,Miscellaneous,285.64,Credit Card,Mumbai,Expense,34753.44
100038,09/01/2023,Flipkart,SHOPPING,2074.19,UPI,Online,Expense,32679.25
100039,10-Jan-2023,BookMyShow,Entertainment,338.12,Credit Card,Online,Expense,32341.13
100040,11/01/2023,McDonald's,Food & Dining,88.67,Debit Card,New Delhi,Expense,32252.46
100041,11-Jan-2023,Chaayos,Food & Dining,278.87,Cash,Mumbai,Expense,31973.59
100042,2023-01-11,Delhi Metro,Transportation,238.24,UPI,Mumbai,Expense,31735.35
100043,11-Jan-2023,DMart,Groceries,624.71,Credit Card,Mumbai,Expense,31110.64
100044,12/01/2023,Delhi Metro,transportation,102.57,UPI,Mumbai,Expense,31008.07
100045,12-Jan-2023,,Groceries,249.34,Credit Card,Gurugram,Expense,30758.73
100046,12/01/2023,Printing Shop,Others,550.2,Cash,Hyderabad,Expense,30208.53
100047,2023-01-13,DMart,Groceries,243.62,Net Banking,Gurugram,Expense,29964.91
100048,13/01/2023,Rapido,Transportation,34.61,Net Banking,Gurugram,Expense,29930.3
100049,13/01/2023,  DMart ,  Groceries ,310.31,Credit Card,  Online ,Expense,29619.99
100050,14-Jan-2023,BSES,Bills,781.32,Debit Card,Noida,Expense,28838.67
100051,2023-01-14,Netflix,Entertainment,486.18,UPI,New Delhi,Expense,28352.49
100052,14-Jan-2023,Ajio,Shopping,2257.05,Credit Card,Mumbai,Expense,26095.44
100053,2023-01-14,Uber,Transportation,144.8,Credit Card,,Expense,25950.64
100054,2023-01-15,Myntra,Shopping,1105.28,Credit Card,Gurugram,Expense,24845.36
100055,2023-01-15,  Printing Shop ,  Miscellaneous ,398.74,Credit Card,  Hyderabad ,Expense,24446.62
100056,15/01/2023,DMart,Groceries,329.43,Debit Card,Noida,Expense,24117.19
100057,2023-01-17,NAN,Utility Bills,581.91,UPI,Noida,Expense,23535.28
100057,17/01/2023,,Bills,581.91,UPI,Noida,Expense,23535.28
100058,2023-01-18,IndiGo,Travel,5372.0,Debit Card,New Delhi,Expense,18163.28
100059,18-Jan-2023,Domino's,food & dining,281.15,Net Banking,Online,Expense,17882.13
100060,18-Jan-2023,Delhi Metro,Transportation,120.78,Net Banking,Mumbai,Expense,17761.35
100061,18/01/2023,BigBasket,Groceries,650.9,UPI,Noida,Expense,17110.45
100062,2023-01-18,Uber,Transport,93.53,Credit Card,Noida,Expense,17016.92
100063,19/01/2023,Burger King,food & dining,171.28,Credit Card,Hyderabad,Expense,16845.64
100064,19/01/2023,Uber,Transportation,242.8,Debit Card,New Delhi,Expense,16602.84
100065,19/01/2023,LeetCode,Education,874.67,  UPI ,New Delhi,Expense,15728.17
100066,19/01/2023,IndiGo,Travel,1544.21,Debit Card,New Delhi,Expense,14183.96
100067,19-Jan-2023,PVR Cinemas,Entertainment,221.82,,Hyderabad,Expense,13962.14
100068,2023-01-20,Google Pay Rewards,Cashback,188.57,UPI,Hyderabad,Income,14150.71
100069,20-Jan-2023,McDonald's,Food,222.47,Credit Card,Hyderabad,Expense,13928.24
100070,2023-01-20,Gift Shop,Miscellaneous,790.92,Cash,Hyderabad,Expense,13137.32
100071,21/01/2023,Blinkit,Groceries,813.51,Credit Card,Gurugram,Expense,12323.81
100072,21-Jan-2023,BigBasket,Groceries,229.81,Net Banking,Hyderabad,Expense,12094.0
100073,2023-01-21,Swiggy,Food & Dining,99.17,Credit Card,New Delhi,Expense,11994.83
100074,2023-01-22,Gate Academy,Education,1415.67,Debit Card,Online,Expense,10579.16
100075,23-Jan-2023,Uber,Transportation,174.14,Net Banking,Mumbai,Expense,10405.02
100076,2023-01-23,Domino's,Food & Dining,334.59,Credit Card,Mumbai,Expense,10070.43
100077,2023-01-23,PVR Cinemas,Entertainment,582.91,Cash,Mumbai,Expense,9487.52
100078,2023-01-23,Gate Academy,Education,1566.48,Cash,Online,Expense,7921.04
100079,23-Jan-2023,Burger King,Food & Dining,297.11,Cash,New Delhi,Expense,7623.93
100080,23-Jan-2023,Zomato,Food & Dining,267.37,,Online,Expense,7356.56
100081,24/01/2023,CAMPUS PROJECT,Freelance,9628.24,Net Banking,Hyderabad,Income,16984.8
100082,24-Jan-2023,Domino's,Food & Dining,274.96,Net Banking,Noida,Expense,16709.84
100083,24-Jan-2023,Blinkit,Groceries,554.43,Credit Card,Online,Expense,16155.41
100084,2023-01-24,Ola,Transportation,224.63,Debit Card,Gurugram,Expense,15930.78
100085,25-Jan-2023,Airtel,Bills,602.95,UPI,Online,Expense,15327.83
100086,25-Jan-2023,IRCTC,Travel,5162.3,Cash,Online,Expense,10165.53
100087,25-Jan-2023,Flipkart,Shopping,1262.66,Debit Card,Hyderabad,Expense,8902.87
100088,2023-01-26,Coursera,Education,465.85,UPI,Mumbai,Expense,8437.02
100089,26-Jan-2023,Chaayos,Food & Dining,185.41,Cash,Gurugram,Expense,8251.61
100090,26/01/2023,Rapido,Transportation,240.18,Credit Card,Noida,Expense,8011.43
100091,26-Jan-2023,BSES,Bills,480.26,Cash,Hyderabad,Expense,7531.17
100092,2023-01-26,Printing Shop,Miscellaneous,51.27,Credit Card,Gurugram,Expense,7479.9
100093,26-Jan-2023,Reliance Fresh,Groceries,825.89,UPI,Gurugram,Expense,6654.01
100094,27-Jan-2023,BSES,Bills,539.65,UPI,New Delhi,Expense,6114.36
100095,2023-01-28,DMart,Groceries,358.64,Credit Card,Mumbai,Expense,5755.72
100096,28/01/2023,Myntra,Shopping,1641.67,Net Banking,Noida,Expense,4114.05
100097,2023-01-28,,Food & Dining,208.73,Credit Card,New Delhi,Expense,3905.32
100097,28/01/2023,,FOOD,208.73,Credit Card,New Delhi,Expense,3905.32
100098,2023-01-28,Coursera,Education,2051.47,Debit Card,Noida,Expense,1853.85
100099,28-Jan-2023,Swiggy,Food & Dining,-168.63,Debit Card,Gurugram,Expense,1685.22
100100,2023-02-01,IIT Delhi,Salary/Stipend,14336.86,Net Banking,New Delhi,Income,16022.08
100101,01-Feb-2023,Zerodha,Investment,770.25,  Net Banking ,Mumbai,Expense,15251.83
100102,01-Feb-2023,Hostel Laundry,Utility Bills,516.89,Debit Card,Noida,Expense,14734.94
100103,01-Feb-2023,Printing Shop,Others,257.2,Credit Card,New Delhi,Expense,14477.74
100104,2023-02-01,Campus Canteen,Food & Dining,325.82,  Credit Card ,Online,Expense,14151.92
100105,01-Feb-2023,Swiggy,Food & Dining,160.86,Debit Card,New Delhi,Expense,13991.06
100106,2023-02-02,Parents,Family Support,42134.64,Net Banking,Hyderabad,Income,56125.7
100107,02-Feb-2023,BigBasket,Groceries,711.77,Credit Card,Mumbai,Expense,55413.93
100108,02-Feb-2023,Chaayos,Food & Dining,338.47,UPI,Noida,Expense,55075.46
100109,02/02/2023,Domino's,food & dining,249.41,Cash,New Delhi,Expense,54826.05
100110,2023-02-03,Flipkart,Shopping,2385.53,UPI,Hyderabad,Expense,52440.52
100111,03/02/2023,Reliance Fresh,Groceries,564.19,UPI,Online,Expense,51876.33
100112,03-Feb-2023,,Education,2433.9,Debit Card,Gurugram,Expense,49442.43
100112,2023-02-03,,Education,2433.9,Debit Card,Gurugram,Expense,49442.43
100113,03/02/2023,BSES,Bills,537.23,Net Banking,Online,Expense,48905.2
100114,03/02/2023,BSES,Bills,905.6,Debit Card,Mumbai,Expense,47999.6
100115,04/02/2023,Hostel Fee,Rent,5699.8,UPI,New Delhi,Expense,42299.8
100116,04-Feb-2023,Printing Shop,Miscellaneous,520.43,Debit Card,Mumbai,Expense,41779.37
100117,04/02/2023,Flipkart,Shopping,695.09,Credit Card,Gurugram,Expense,41084.28
100118,05/02/2023,Chaayos,food & dining,253.54,Cash,Noida,Expense,40830.74
100119,05/02/2023,Zomato,Food & Dining,85.5,Credit Card,Online,Expense,40745.24
100120,05/02/2023,Zerodha,Investment,2119.27,Debit Card,Hyderabad,Expense,38625.97
100121,2023-02-05,Ola,Transportation,106.21,Net Banking,Online,Expense,38519.76
100122,06-Feb-2023,Zomato,Food & Dining,258.32,  Credit Card ,Hyderabad,Expense,38261.44
100123,06/02/2023,Myntra,shopping,410.67,Net Banking,Mumbai,Expense,37850.77
100124,2023-02-06,Reliance Fresh,Groceries,744.39,UPI,Hyderabad,Expense,37106.38
100125,2023-02-06,Coursera,Education,1790.74,Cash,Gurugram,Expense,35315.64
100126,07/02/2023,McDonald's,Food & Dining,182.36,Debit Card,Gurugram,Expense,35133.28
100127,07-Feb-2023,Gift Shop,Miscellaneous,472.98,Debit Card,Gurugram,Expense,34660.3
100128,07-Feb-2023,Delhi Metro,transportation,43.12,Credit Card,Gurugram,Expense,34617.18
100129,08-Feb-2023,DMart,Groceries,379.97,Credit Card,Gurugram,Expense,34237.21
100130,08/02/2023,Ajio,Shopping,2456.74,,Online,Expense,31780.47
100131,2023-02-08,Gate Academy,Education,1663.36,Net Banking,Noida,Expense,30117.11
100132,09-Feb-2023,BigBasket,Groceries,416.12,Debit Card,Hyderabad,Expense,29700.99
100133,09-Feb-2023,Rapido,Transport,112.58,  Cash ,New Delhi,Expense,29588.41
100134,09-Feb-2023,Campus Canteen,Food & Dining,131.34,Credit Card,Mumbai,Expense,29457.07
100135,2023-02-09,Tata 1mg,Health,1511.8,Debit Card,Mumbai,Expense,27945.27
100136,2023-02-10,Campus Canteen,FOOD,266.78,Net Banking,Gurugram,Expense,27678.49
100137,10/02/2023,MCDONALD'S,Food,228.29,Cash,New Delhi,Expense,27450.2
100138,2023-02-10,Reliance Fresh,Groceries,828.12,Net Banking,Gurugram,Expense,26622.08
100139,2023-02-11,DMart,Groceries,385.89,Cash,Hyderabad,Expense,26236.19
100140,11/02/2023,PVR Cinemas,Entertainment,698.09,UPI,Gurugram,Expense,25538.1
100141,2023-02-11,Blinkit,Groceries,513.26,Cash,Gurugram,Expense,25024.84
100142,2023-02-11,Chaayos,Food & Dining,340.65,UPI,,Expense,24684.19
100143,12/02/2023,Ajio,Shopping,487.46,Credit Card,Online,Expense,24196.73
100144,2023-02-13,MakeMyTrip,Travel,4599.1,Net Banking,Mumbai,Expense,19597.63
100145,14-Feb-2023,BigBasket,Groceries,548.19,Debit Card,Mumbai,Expense,19049.44
100146,14/02/2023,Air India,Travel,2883.83,Cash,Gurugram,Expense,16165.61
100147,15/02/2023,Flipkart,shopping,444.99,Cash,Hyderabad,Expense,15720.62
100148,15-Feb-2023,DMart,Groceries,683.88,UPI,Gurugram,Expense,15036.74
100149,2023-02-15,CAMPUS CANTEEN,Food & Dining,80.72,Net Banking,Online,Expense,14956.02
100150,2023-02-15,Amazon,Shopping,2322.68,Cash,Mumbai,Expense,12633.34
100151,15/02/2023,Domino's,Food & Dining,252.23,UPI,Online,Expense,12381.11
100152,2023-02-16,Amazon Pay,Cashback,129.2,UPI,Hyderabad,Income,12510.31
100153,2023-02-16,DMart,Groceries,354.7,Cash,Gurugram,Expense,12155.61
100154,16/02/2023,Gate Academy,Education,1562.94,Cash,Gurugram,Expense,10592.67
100155,2023-02-16,Gift Shop,Miscellaneous,361.62,Credit Card,Online,Expense,10231.05
100156,16/02/2023,Swiggy,Food & Dining,183.87,Credit Card,Online,Expense,10047.18
100157,2023-02-17,Delhi Metro,transportation,105.23,UPI,Online,Expense,9941.95
100158,17-Feb-2023,BookMyShow,Entertainment,222.63,Debit Card,Noida,Expense,9719.32
100159,18-Feb-2023,Chaayos,Food & Dining,189.74,Credit Card,Mumbai,Expense,9529.58
100160,18-Feb-2023,Zomato,Food & Dining,83.82,Debit Card,New Delhi,Expense,9445.76
100161,19-Feb-2023,Airtel,utilities,233.16,Debit Card,Hyderabad,Expense,9212.6
100162,2023-02-19,Printing Shop,Miscellaneous,678.11,Cash,Noida,Expense,8534.49
100163,2023-02-20,Reliance Fresh,Groceries,437.69,UPI,Gurugram,Expense,8096.8
100164,21/02/2023,Domino's,Food & Dining,220.87,Net Banking,Hyderabad,Expense,7875.93
100165,2023-02-21,Uber,Transportation,37.04,Credit Card,Noida,Expense,7838.89
100166,21-Feb-2023,IndiGo,Travel,6484.47,Cash,New Delhi,Expense,1354.42
100167,22/02/2023,Chaayos,Food & Dining,141.81,Net Banking,Hyderabad,Expense,1212.61
100168,22/02/2023,Zerodha,Investment,2998.93,Net Banking,New Delhi,Expense,-1786.32
100169,2023-02-22,Uber,transportation,96.66,Credit Card,Gurugram,Expense,-1882.98
100170,22-Feb-2023,Rapido,Transportation,133.96,Net Banking,New Delhi,Expense,-2016.94
100171,2023-02-22,BSES,Bills,358.25,Credit Card,Mumbai,Expense,-2375.19
100172,23-Feb-2023,Udemy,Education,1125.68,UPI,Hyderabad,Expense,-3500.87
100173,23/02/2023,IndiGo,Travel,4739.52,Cash,New Delhi,Expense,-8240.39
100174,23-Feb-2023,Delhi Metro,Transportation,73.24,Cash,New Delhi,Expense,-8313.63
100175,2023-02-23,Chaayos,FOOD,281.07,Cash,Online,Expense,-8594.7
100176,23-Feb-2023,BSES,Bills,732.29,UPI,Mumbai,Expense,-9326.99
100177,24-Feb-2023,Stationery,Miscellaneous,648.61,Cash,Noida,Expense,-9975.6
100178,24/02/2023,Campus Canteen,Food & Dining,243.96,UPI,Noida,Expense,-10219.56
100179,2023-02-24,,Food & Dining,210.73,Net Banking,Hyderabad,Expense,-10430.29
100180,24-Feb-2023,Airtel,Utility Bills,770.59,Credit Card,Mumbai,Expense,-11200.88
100181,24/02/2023,BSES,Utility Bills,1078.37,Net Banking,Gurugram,Expense,-12279.25
100182,25/02/2023,BookMyShow,Entertainment,365.39,Debit Card,New Delhi,Expense,-12644.64
100183,2023-02-25,Campus Canteen,Food,224.68,Credit Card,Noida,Expense,-12869.32
100184,25-Feb-2023,McDonald's,Food & Dining,177.68,Cash,New Delhi,Expense,-13047.0
100185,25-Feb-2023,Zerodha,Investment,2067.0,Net Banking,New Delhi,Expense,-15114.0
100186,25-Feb-2023,Campus Canteen,Food & Dining,344.15,UPI,Online,Expense,-15458.15
100187,26/02/2023,Spotify,Entertainment,524.42,Net Banking,Online,Expense,-15982.57
100188,2023-02-26,Printing Shop,misc,742.93,Net Banking,Mumbai,Expense,-16725.5
100189,2023-02-26,Zomato,Food & Dining,250.11,Credit Card,Gurugram,Expense,-16975.61
100190,26-Feb-2023,Delhi Metro,Transport,66.18,Net Banking,Hyderabad,Expense,-17041.79
100191,27/02/2023,PVR Cinemas,entertainment,425.41,Debit Card,Noida,Expense,-17467.2
100192,27/02/2023,Hostel Fee,Rent,5153.83,UPI,Online,Expense,-22621.03
100193,2023-02-28,McDonald's,Food & Dining,93.87,UPI,New Delhi,Expense,-22714.9
100194,28/02/2023,Blinkit,Groceries,482.04,Debit Card,Hyderabad,Expense,-23196.94
100195,28/02/2023,Ajio,Shopping,252.59,Cash,New Delhi,Expense,-23449.53
100196,2023-02-28,Uber,Transportation,21.86,Net Banking,Mumbai,Expense,-23471.39
100197,01-Mar-2023,IIT Delhi,Salary/Stipend,17222.38,Net Banking,New Delhi,Income,-6249.01
100198,01/03/2023,Swiggy,Food & Dining,252.66,Debit Card,Noida,Expense,-6501.67
100199,01/03/2023,Ajio,shopping,345.18,  UPI ,Gurugram,Expense,-6846.85
100200,02-Mar-2023,Parents,Family Support,34366.63,Net Banking,Hyderabad,Income,27519.78
100201,2023-03-02,Delhi Metro,transportation,238.85,Credit Card,Online,Expense,27280.93
100202,02-Mar-2023,Gate Academy,Education,1718.62,Debit Card,Noida,Expense,25562.31
100203,02-Mar-2023,Blinkit,Groceries,873.02,Cash,Online,Expense,24689.29
100204,02/03/2023,Swiggy,Food & Dining,204.67,Debit Card,Gurugram,Expense,24484.62
100205,02/03/2023,PVR Cinemas,Entertainment,575.23,UPI,Gurugram,Expense,23909.39
100206,2023-03-02,Myntra,shopping,2238.28,Net Banking,Noida,Expense,21671.11
100207,02-Mar-2023,Gift Shop,Others,757.7,Credit Card,New Delhi,Expense,20913.41
100208,2023-03-02,Airtel,Bills,970.63,Cash,Gurugram,Expense,19942.78
100209,2023-03-03,Spotify,Entertainment,780.27,Cash,Online,Expense,19162.51
100210,03-Mar-2023,DMART,Groceries,611.51,Debit Card,Noida,Expense,18551.0
100211,03-Mar-2023,,Shopping,1885.93,Net Banking,Noida,Expense,16665.07
100211,03-Mar-2023,,Shopping,1885.93,Net Banking,Noida,Expense,16665.07
100212,03-Mar-2023,BigBasket,Groceries,390.91,Debit Card,Gurugram,Expense,16274.16
100213,04/03/2023,Hostel Fee,Rent,5048.66,UPI,New Delhi,Expense,11225.5
100214,2023-03-04,Rapido,Commute,80.83,Debit Card,Mumbai,Expense,11144.67
100215,04-Mar-2023,Chaayos,Food & Dining,166.04,Debit Card,Noida,Expense,10978.63
100216,05/03/2023,Zomato,Food & Dining,311.77,Net Banking,Gurugram,Expense,10666.86
100217,05-Mar-2023,Rapido,Transportation,61.72,UPI,Noida,Expense,10605.14
100218,05/03/2023,Delhi Metro,Transportation,68.58,Debit Card,Gurugram,Expense,10536.56
100219,05/03/2023,Ajio,SHOPPING,1661.24,UPI,Online,Expense,8875.32
100220,2023-03-05,Delhi Metro,Transportation,154.03,Debit Card,Mumbai,Expense,8721.29
100221,06-Mar-2023,Myntra,SHOPPING,851.76,  Debit Card ,Gurugram,Expense,7869.53
100222,2023-03-06,Chaayos,Food & Dining,94.2,Net Banking,New Delhi,Expense,7775.33
100223,06/03/2023,Rapido,Transportation,242.23,Debit Card,New Delhi,Expense,7533.1
100224,06-Mar-2023,Jio,utilities,269.68,Cash,New Delhi,Expense,7263.42
100225,06-Mar-2023,Blinkit,Groceries,688.25,Debit Card,Online,Expense,6575.17
100226,06/03/2023,DMart,Groceries,712.42,Credit Card,Hyderabad,Expense,5862.75
100227,07/03/2023,IRCTC,Travel,6444.94,Net Banking,Noida,Expense,-582.19
100228,08-Mar-2023,BSES,utilities,994.36,Credit Card,Hyderabad,Expense,-1576.55
100229,08-Mar-2023,Rapido,Transport,175.56,Net Banking,Gurugram,Expense,-1752.11
100230,08/03/2023,Spotify,Fun,648.66,Debit Card,Online,Expense,-2400.77
100231,08/03/2023,McDonald's,Food & Dining,215.54,UPI,Gurugram,Expense,-2616.31
100232,08-Mar-2023,McDonald's,Food & Dining,112.9,Net Banking,Online,Expense,-2729.21
100233,09/03/2023,BSES,Bills,172.25,Cash,Hyderabad,Expense,-2901.46
100234,09/03/2023,DMart,Groceries,377.12,Debit Card,Hyderabad,Expense,-3278.58
100235,2023-03-09,IRCTC,Travel,4664.12,Credit Card,Gurugram,Expense,-7942.7
100236,2023-03-10,McDonald's,Food & Dining,335.49,,New Delhi,Expense,-8278.19
100237,2023-03-10,BigBasket,Groceries,268.06,  Net Banking ,Hyderabad,Expense,-8546.25
100238,10-Mar-2023,Domino's,Dining,263.16,,Noida,Expense,-8809.41
100239,10/03/2023,Hostel Fee,Rent,4732.42,Net Banking,Hyderabad,Expense,-13541.83
100240,2023-03-11,Blinkit,Groceries,321.37,Cash,Online,Expense,-13863.2
100241,11-Mar-2023,Printing Shop,Miscellaneous,284.41,Debit Card,Gurugram,Expense,-14147.61
100242,11/03/2023,Ola,Commute,91.36,Debit Card,Noida,Expense,-14238.97
100243,2023-03-11,Reliance Fresh,Groceries,632.62,Net Banking,New Delhi,Expense,-14871.59
100244,11-Mar-2023,  PVR Cinemas ,  Entertainment ,720.05,Net Banking,  Online ,Expense,-15591.64
100245,12/03/2023,DMart,Groceries,327.08,Debit Card,Hyderabad,Expense,-15918.72
100246,12-Mar-2023,BigBasket,Groceries,785.46,UPI,Gurugram,Expense,-16704.18
100247,12/03/2023,BigBasket,Groceries,269.06,Cash,Online,Expense,-16973.24
100248,2023-03-12,,Bills,565.75,Debit Card,Gurugram,Expense,-17538.99
100248,2023-03-12,,Bills,565.75,Debit Card,Gurugram,Expense,-17538.99
100249,12-Mar-2023,Stationery,Others,442.61,Net Banking,Hyderabad,Expense,-17981.6
100250,12/03/2023,Domino's,Food & Dining,-184.46,UPI,Gurugram,Expense,-18166.06
100251,12-Mar-2023,PVR Cinemas,Entertainment,193.39,Credit Card,Mumbai,Expense,-18359.45
100252,12-Mar-2023,,Food & Dining,314.91,Cash,Gurugram,Expense,-18674.36
100253,13-Mar-2023,PVR Cinemas,Fun,283.51,UPI,Mumbai,Expense,-18957.87
100254,13/03/2023,McDonald's,Food & Dining,225.14,Debit Card,Mumbai,Expense,-19183.01
100255,13-Mar-2023,BookMyShow,Fun,405.87,Cash,Gurugram,Expense,-19588.88
100256,14-Mar-2023,Uber,Transportation,49.15,UPI,Online,Expense,-19638.03
100257,14-Mar-2023,Zomato,Food & Dining,214.29,Credit Card,Online,Expense,-19852.32
100258,14/03/2023,Rapido,Commute,44.35,Net Banking,New Delhi,Expense,-19896.67
100259,2023-03-14,Spotify,Entertainment,452.03,Credit Card,Hyderabad,Expense,-20348.7
100260,15-Mar-2023,BSES,Bills,798.94,  Cash ,New Delhi,Expense,-21147.64
100261,2023-03-15,Stationery,Others,417.7,UPI,Gurugram,Expense,-21565.34
100262,15-Mar-2023,NPS,Investment,2069.87,Net Banking,Online,Expense,-23635.21
100263,15-Mar-2023,Zerodha,Investment,1055.1,UPI,Online,Expense,-24690.31
100264,2023-03-16,Groww,Investment,2217.05,UPI,,Expense,-26907.36
100265,16-Mar-2023,Printing Shop,Miscellaneous,291.15,Credit Card,New Delhi,Expense,-27198.51
100266,2023-03-16,Burger King,Dining,305.91,Net Banking,New Delhi,Expense,-27504.42
100267,2023-03-16,Air India,Travel,4322.28,Net Banking,Gurugram,Expense,-31826.7
100268,2023-03-17,Burger King,Food & Dining,250.97,Credit Card,Gurugram,Expense,-32077.67
100269,17/03/2023,Apollo Pharmacy,Health,1309.38,Debit Card,New Delhi,Expense,-33387.05
100270,17-Mar-2023,Spotify,entertainment,290.95,Cash,New Delhi,Expense,-33678.0
100271,18-Mar-2023,Domino's,Food & Dining,86.76,Net Banking,Noida,Expense,-33764.76
100272,18-Mar-2023,Zerodha,Investment,2241.21,Net Banking,Mumbai,Expense,-36005.97
100273,18-Mar-2023,Domino's,Dining,338.29,UPI,Online,Expense,-36344.26
100274,18/03/2023,BigBasket,Groceries,322.58,UPI,Online,Expense,-36666.84
100275,18/03/2023,DMart,Groceries,497.03,Cash,Hyderabad,Expense,-37163.87
100276,18-Mar-2023,DMart,Groceries,891.25,Cash,Online,Expense,-38055.12
100277,19-Mar-2023,Delhi Metro,Transportation,201.34,UPI,Noida,Expense,-38256.46
100278,2023-03-19,DMart,Groceries,421.53,Cash,Hyderabad,Expense,-38677.99
100279,19/03/2023,Jio,Bills,486.81,Credit Card,Mumbai,Expense,-39164.8
100280,19-Mar-2023,McDonald's,Food & Dining,263.12,Net Banking,Mumbai,Expense,-39427.92
100281,19/03/2023,McDonald's,Food & Dining,175.26,Credit Card,Mumbai,Expense,-39603.18
100282,20/03/2023,Blinkit,Groceries,490.29,UPI,Mumbai,Expense,-40093.47
100283,20-Mar-2023,Uber,Transportation,70.72,UPI,Noida,Expense,-40164.19
100284,20-Mar-2023,Zomato,Dining,133.26,UPI,Noida,Expense,-40297.45
100285,2023-03-20,Printing Shop,Miscellaneous,343.97,UPI,Gurugram,Expense,-40641.42
100286,21/03/2023,Stationery,Miscellaneous,714.06,Cash,Hyderabad,Expense,-41355.48
100287,21-Mar-2023,Ola,Transportation,240.39,Credit Card,New Delhi,Expense,-41595.87
100288,21-Mar-2023,Printing Shop,Miscellaneous,711.54,Net Banking,Gurugram,Expense,-42307.41
100289,21/03/2023,McDonald's,Food & Dining,147.5,Debit Card,Hyderabad,Expense,-42454.91
100290,21-Mar-2023,Reliance Fresh,Groceries,671.54,Credit Card,,Expense,-43126.45
100291,2023-03-22,Gift Shop,Others,254.08,Cash,Hyderabad,Expense,-43380.53
100292,2023-03-22,Gate Academy,Education,726.84,Cash,Gurugram,Expense,-44107.37
100293,23-Mar-2023,  Hostel Laundry ,  Utility Bills ,730.74,,  New Delhi ,Expense,-44838.11
100294,2023-03-23,Hostel Laundry,Bills,143.06,Cash,Hyderabad,Expense,-44981.17
100295,2023-03-23,Jio,Bills,732.55,Debit Card,Online,Expense,-45713.72
100296,24-Mar-2023,Campus Project,Freelance,11698.5,Net Banking,Hyderabad,Income,-34015.22
100297,24/03/2023,Chaayos,Food & Dining,246.08,Net Banking,Gurugram,Expense,-34261.3
100298,2023-03-24,Domino's,Food & Dining,106.07,,Hyderabad,Expense,-34367.37
100299,24/03/2023,Ajio,Shopping,1484.81,UPI,Gurugram,Expense,-35852.18
100300,24/03/2023,Netflix,Fun,341.36,Net Banking,Mumbai,Expense,-36193.54
100301,2023-03-25,Burger King,Dining,256.77,Credit Card,Online,Expense,-36450.31
100302,25-Mar-2023,Rapido,Transportation,173.03,UPI,Gurugram,Expense,-36623.34
100303,25/03/2023,DMart,Groceries,354.88,Debit Card,Online,Expense,-36978.22
100304,25/03/2023,McDonald's,Food & Dining,137.83,Credit Card,Noida,Expense,-37116.05
100305,27/03/2023,Zerodha,Investment,2872.53,UPI,Mumbai,Expense,-39988.58
100306,27-Mar-2023,BigBasket,Groceries,758.23,UPI,Hyderabad,Expense,-40746.81
100307,27/03/2023,McDonald's,Dining,157.46,Credit Card,Mumbai,Expense,-40904.27
100308,28/03/2023,Netflix,Entertainment,-176.95,Credit Card,New Delhi,Expense,-41081.22
100309,2023-03-28,Airtel,Bills,987.94,Net Banking,Mumbai,Expense,-42069.16
100310,28/03/2023,Swiggy,Food,313.35,Net Banking,Hyderabad,Expense,-42382.51
100311,28/03/2023,Delhi Metro,Transportation,199.59,Debit Card,New Delhi,Expense,-42582.1
100312,2023-04-01,IIT Delhi,Salary/Stipend,16068.53,Net Banking,New Delhi,Income,-26513.57
100313,01/04/2023,  Spotify ,  Entertainment ,718.63,Credit Card,  New Delhi ,Expense,-27232.2
100314,02/04/2023,Parents,Family Support,25695.98,Net Banking,Hyderabad,Income,-1536.22
100315,02-Apr-2023,Ola,Commute,29.26,Debit Card,Online,Expense,-1565.48
100316,02-Apr-2023,Spotify,Entertainment,695.23,  Cash ,Noida,Expense,-2260.71
100317,03/04/2023,Domino's,Food & Dining,337.93,Cash,Mumbai,Expense,-2598.64
100318,2023-04-03,BookMyShow,Entertainment,711.19,Net Banking,Mumbai,Expense,-3309.83
100319,2023-04-04,Hostel Fee,Rent,5474.34,UPI,,Expense,-8784.17
100320,04-Apr-2023,Hostel Laundry,Bills,241.53,Debit Card,Gurugram,Expense,-9025.7
100321,04-Apr-2023,Ola,Transportation,112.19,Credit Card,Online,Expense,-9137.89
100322,04-Apr-2023,Uber,Transportation,230.97,Net Banking,Hyderabad,Expense,-9368.86
100323,04/04/2023,Apollo Pharmacy,Health,1332.54,Cash,Hyderabad,Expense,-10701.4
100324,05-Apr-2023,Hostel Laundry,Bills,300.16,Net Banking,New Delhi,Expense,-11001.56
100325,05/04/2023,Domino's,FOOD,109.02,Debit Card,Online,Expense,-11110.58
100326,05/04/2023,Reliance Fresh,Groceries,424.2,Net Banking,Hyderabad,Expense,-11534.78
100327,2023-04-05,Apollo Pharmacy,Health,1283.49,Net Banking,Mumbai,Expense,-12818.27
100328,05/04/2023,Blinkit,Groceries,520.43,,Noida,Expense,-13338.7
100329,2023-04-05,McDonald's,FOOD,116.06,Net Banking,Gurugram,Expense,-13454.76
100330,05/04/2023,Blinkit,Groceries,191.73,Cash,Hyderabad,Expense,-13646.49
100331,06/04/2023,Zerodha,Investment,564.78,Net Banking,Online,Expense,-14211.27
100332,06-Apr-2023,Reliance Fresh,Groceries,526.93,Credit Card,Mumbai,Expense,-14738.2
100333,06-Apr-2023,,Investment,2944.78,Cash,Online,Expense,-17682.98
100333,06/04/2023,,Investment,2944.78,Cash,Online,Expense,-17682.98
100334,06-Apr-2023,Domino's,Food,224.9,Net Banking,Online,Expense,-17907.88
100335,2023-04-07,Reliance Fresh,Groceries,241.02,Credit Card,Online,Expense,-18148.9
100336,07/04/2023,Chaayos,food & dining,209.35,Net Banking,Gurugram,Expense,-18358.25
100337,07/04/2023,Burger King,FOOD,80.81,UPI,New Delhi,Expense,-18439.06
100338,2023-04-08,Reliance Fresh,Groceries,350.6,UPI,New Delhi,Expense,-18789.66
100339,08-Apr-2023,Spotify,Movies,381.59,UPI,Noida,Expense,-19171.25
100340,2023-04-09,Zomato,Food & Dining,338.21,Debit Card,Hyderabad,Expense,-19509.46
100341,09-Apr-2023,BigBasket,Groceries,868.0,Credit Card,Gurugram,Expense,-20377.46
100342,09/04/2023,Rapido,transportation,77.05,Credit Card,Online,Expense,-20454.51
100343,10/04/2023,Hostel Laundry,Utility Bills,194.84,Cash,Hyderabad,Expense,-20649.35
100344,10-Apr-2023,Flipkart,Shopping,1415.73,Credit Card,Gurugram,Expense,-22065.08
100345,10/04/2023,Gift Shop,Miscellaneous,616.93,Debit Card,Mumbai,Expense,-22682.01
100346,10-Apr-2023,Apollo Pharmacy,Health,1735.62,UPI,Gurugram,Expense,-24417.63
100347,2023-04-10,Netflix,Entertainment,767.82,Debit Card,Mumbai,Expense,-25185.45
100348,10/04/2023,Domino's,food & dining,327.36,Net Banking,Noida,Expense,-25512.81
100349,2023-04-11,Airtel,Bills,1092.2,UPI,New Delhi,Expense,-26605.01
100350,11/04/2023,BigBasket,Groceries,230.48,Cash,Mumbai,Expense,-26835.49
100351,12-Apr-2023,McDonald's,food & dining,229.59,Net Banking,Noida,Expense,-27065.08
100352,12/04/2023,Flipkart,Shopping,806.9,Debit Card,Noida,Expense,-27871.98
100353,13/04/2023,Domino's,Food,297.98,Cash,,Expense,-28169.96
100354,13/04/2023,BSES,Bills,697.51,Credit Card,Gurugram,Expense,-28867.47
100355,14/04/2023,Upwork Client,Freelance,8806.47,Net Banking,Hyderabad,Income,-20061.0
100356,14/04/2023,IRCTC REFUND,Refund,361.62,UPI,New Delhi,Income,-19699.38
100357,2023-04-14,Gift Shop,Miscellaneous,168.56,Cash,Noida,Expense,-19867.94
100358,2023-04-14,Delhi Metro,Transportation,174.98,UPI,Hyderabad,Expense,-20042.92
100359,14/04/2023,Reliance Fresh,Groceries,464.09,Cash,Hyderabad,Expense,-20507.01
100360,2023-04-15,Zomato,Food,186.18,Credit Card,Hyderabad,Expense,-20693.19
100361,2023-04-15,Delhi Metro,Transportation,108.86,Net Banking,Mumbai,Expense,-20802.05
100362,2023-04-15,BOOKMYSHOW,Entertainment,784.94,Net Banking,Online,Expense,-21586.99
100363,16-Apr-2023,Hostel Fee,Rent,4928.37,UPI,Noida,Expense,-26515.36
100364,16/04/2023,Delhi Metro,transportation,166.97,Debit Card,Online,Expense,-26682.33
100365,16-Apr-2023,BigBasket,Groceries,536.04,Cash,New Delhi,Expense,-27218.37
100366,16-Apr-2023,Rapido,Transport,31.62,Debit Card,Hyderabad,Expense,-27249.99
100367,16-Apr-2023,BigBasket,Groceries,532.29,Cash,New Delhi,Expense,-27782.28
100368,16-Apr-2023,Swiggy,Food & Dining,169.18,Credit Card,New Delhi,Expense,-27951.46
100369,16/04/2023,Ola,Transportation,146.32,Credit Card,Mumbai,Expense,-28097.78
100370,17-Apr-2023,SBI Savings,Interest,93.65,Net Banking,New Delhi,Income,-28004.13
100371,17-Apr-2023,Tata 1mg,Health,483.3,UPI,Gurugram,Expense,-28487.43
100372,2023-04-17,Reliance Fresh,Groceries,261.71,Debit Card,Hyderabad,Expense,-28749.14
100373,17/04/2023,Zomato,Dining,225.06,Credit Card,New Delhi,Expense,-28974.2
100374,18-Apr-2023,Swiggy,Food & Dining,180.05,Debit Card,Noida,Expense,-29154.25
100375,18-Apr-2023,  Delhi Metro ,  Transportation ,59.83,Net Banking,  Gurugram ,Expense,-29214.08
100376,2023-04-18,Uber,Transportation,181.09,UPI,Online,Expense,-29395.17
100377,2023-04-18,Stationery,Miscellaneous,546.34,Debit Card,New Delhi,Expense,-29941.51
100378,2023-04-19,Uber,Transportation,114.17,Credit Card,Gurugram,Expense,-30055.68
100379,2023-04-19,Domino's,Food & Dining,253.19,Credit Card,Hyderabad,Expense,-30308.87
100380,19-Apr-2023,Ola,Transportation,112.13,Debit Card,Hyderabad,Expense,-30421.0
100381,19-Apr-2023,McDonald's,Food & Dining,135.46,UPI,Hyderabad,Expense,-30556.46
100382,20-Apr-2023,Rapido,Transportation,108.35,Credit Card,Noida,Expense,-30664.81
100383,20/04/2023,Delhi Metro,Transportation,110.38,Net Banking,Gurugram,Expense,-30775.19
100384,20/04/2023,Campus Canteen,food & dining,89.07,UPI,Noida,Expense,-30864.26
100385,2023-04-21,Burger King,Food & Dining,287.56,Credit Card,Hyderabad,Expense,-31151.82
100386,22-Apr-2023,  Zerodha ,  Investment ,2966.44,UPI,  Hyderabad ,Expense,-34118.26
100387,22/04/2023,BSES,Bills,594.97,Credit Card,Hyderabad,Expense,-34713.23
100388,22-Apr-2023,McDonald's,Food & Dining,167.76,Net Banking,Online,Expense,-34880.99
100389,22/04/2023,Printing Shop,Miscellaneous,700.74,Debit Card,,Expense,-35581.73
100390,22/04/2023,Jio,Bills,366.7,Credit Card,New Delhi,Expense,-35948.43
100391,2023-04-22,Uber,Transportation,74.35,Cash,Gurugram,Expense,-36022.78
100392,23/04/2023,Ajio,Shopping,1267.1,UPI,Mumbai,Expense,-37289.88
100393,2023-04-23,Swiggy,Food & Dining,234.59,Credit Card,New Delhi,Expense,-37524.47
100394,23-Apr-2023,BookMyShow,Entertainment,593.43,Debit Card,Online,Expense,-38117.9
100395,23/04/2023,Chaayos,Food & Dining,265.24,Debit Card,Mumbai,Expense,-38383.14
100396,24-Apr-2023,Myntra,SHOPPING,2350.94,Credit Card,Noida,Expense,-40734.08
100397,24-Apr-2023,Blinkit,Groceries,543.17,Credit Card,Mumbai,Expense,-41277.25
100398,2023-04-24,Ajio,Shopping,994.04,Debit Card,Mumbai,Expense,-42271.29
100399,25/04/2023,Tata 1mg,Health,300.19,Cash,Noida,Expense,-42571.48
100400,2023-04-25,Zomato,Food & Dining,190.39,Cash,Gurugram,Expense,-42761.87
100401,26/04/2023,Reliance Fresh,Groceries,875.3,UPI,Hyderabad,Expense,-43637.17
100402,2023-04-26,Delhi Metro,Transport,234.75,,New Delhi,Expense,-43871.92
100403,2023-04-26,Domino's,Food & Dining,278.89,Net Banking,Mumbai,Expense,-44150.81
100404,26-Apr-2023,Domino's,Food & Dining,204.84,UPI,Online,Expense,-44355.65
100405,2023-04-27,Tata 1mg,Health,161.78,Cash,Noida,Expense,-44517.43
100406,28-Apr-2023,Reliance Fresh,Groceries,818.5,Credit Card,Gurugram,Expense,-45335.93
100407,28/04/2023,DELHI METRO,Commute,53.04,Debit Card,Online,Expense,-45388.97
100408,2023-04-28,Netflix,Entertainment,744.36,Credit Card,Hyderabad,Expense,-46133.33
100409,28/04/2023,BookMyShow,Fun,222.85,Cash,Hyderabad,Expense,-46356.18
100410,2023-04-28,Hostel Fee,Rent,5073.72,  Cash ,New Delhi,Expense,-51429.9
100411,01-May-2023,IIT Delhi,Salary/Stipend,15023.38,Net Banking,New Delhi,Income,-36406.52
100412,2023-05-01,Chaayos,Food & Dining,271.91,Debit Card,Mumbai,Expense,-36678.43
100413,2023-05-02,Parents,Family Support,29683.23,Net Banking,Hyderabad,Income,-6995.2
100414,2023-05-02,BigBasket,Groceries,772.05,Cash,Mumbai,Expense,-7767.25
100415,02/05/2023,  Burger King ,  Food & Dining ,203.12,Net Banking,  Online ,Expense,-7970.37
100416,02-May-2023,Coursera,Education,1346.1,  Debit Card ,Hyderabad,Expense,-9316.47
100417,2023-05-02,PVR Cinemas,entertainment,254.37,Credit Card,Hyderabad,Expense,-9570.84
100418,2023-05-03,McDonald's,Food & Dining,169.17,Debit Card,New Delhi,Expense,-9740.01
100419,2023-05-03,Jio,Utility Bills,143.5,Net Banking,Mumbai,Expense,-9883.51
100420,03/05/2023,Uber,Commute,76.68,Debit Card,Noida,Expense,-9960.19
100421,2023-05-03,BigBasket,Groceries,227.47,Net Banking,New Delhi,Expense,-10187.66
100422,2023-05-03,DMart,Groceries,371.57,Credit Card,Gurugram,Expense,-10559.23
100423,04-May-2023,Hostel Fee,Rent,5120.34,UPI,New Delhi,Expense,-15679.57
100424,04/05/2023,BookMyShow,entertainment,342.1,Credit Card,New Delhi,Expense,-16021.67
100425,04/05/2023,Zomato,Dining,116.17,Debit Card,New Delhi,Expense,-16137.84
100426,05/05/2023,Rapido,Transportation,200.29,Debit Card,Gurugram,Expense,-16338.13
100427,05-May-2023,Domino's,Food & Dining,182.8,Debit Card,Gurugram,Expense,-16520.93
100428,05-May-2023,BSES,Bills,603.65,UPI,Online,Expense,-17124.58
100429,06-May-2023,BSES,Bills,639.66,Credit Card,Noida,Expense,-17764.24
100430,2023-05-06,Blinkit,Groceries,431.57,UPI,Hyderabad,Expense,-18195.81
100431,06/05/2023,Domino's,Food & Dining,315.43,Debit Card,Noida,Expense,-18511.24
100432,2023-05-06,McDonald's,Dining,183.6,Net Banking,Mumbai,Expense,-18694.84
100433,06-May-2023,,Health,1682.18,Credit Card,Online,Expense,-20377.02
100433,06-May-2023,,Health,1682.18,Credit Card,Online,Expense,-20377.02
100434,06-May-2023,Stationery,misc,382.89,  Net Banking ,New Delhi,Expense,-20759.91
100435,07/05/2023,Gift Shop,Others,212.76,Debit Card,New Delhi,Expense,-20972.67
100436,07-May-2023,Rapido,Transportation,124.73,Debit Card,Online,Expense,-21097.4
100437,08-May-2023,Uber,Transportation,213.79,Credit Card,New Delhi,Expense,-21311.19
100438,09/05/2023,Reliance Fresh,Groceries,207.69,Cash,Hyderabad,Expense,-21518.88
100439,09-May-2023,BookMyShow,Entertainment,-328.12,Debit Card,New Delhi,Expense,-21847.0
100440,10/05/2023,Gift Shop,Miscellaneous,356.19,Credit Card,Hyderabad,Expense,-22203.19
100441,10/05/2023,,Groceries,787.01,Cash,New Delhi,Expense,-22990.2
100441,10-May-2023,,Groceries,787.01,Cash,New Delhi,Expense,-22990.2
100442,10/05/2023,McDonald's,Food & Dining,81.4,Debit Card,Gurugram,Expense,-23071.6
100443,11/05/2023,BigBasket,Groceries,857.6,Cash,Mumbai,Expense,-23929.2
100444,13/05/2023,Stationery,Miscellaneous,577.83,Net Banking,Gurugram,Expense,-24507.03
100445,13/05/2023,BookMyShow,Entertainment,155.31,Net Banking,Noida,Expense,-24662.34
100446,13/05/2023,Air India,Travel,12270.29,Cash,New Delhi,Expense,-36932.63
100447,2023-05-13,Uber,Transportation,109.39,Debit Card,Gurugram,Expense,-37042.02
100448,14/05/2023,Apollo Pharmacy,Health,730.2,Net Banking,Noida,Expense,-37772.22
100449,14-May-2023,Campus Canteen,Food & Dining,214.96,Debit Card,Hyderabad,Expense,-37987.18
100450,14/05/2023,McDonald's,Food & Dining,103.57,Net Banking,Hyderabad,Expense,-38090.75
100451,2023-05-14,BigBasket,Groceries,197.45,Cash,Gurugram,Expense,-38288.2
100452,14-May-2023,Blinkit,Groceries,398.24,Credit Card,Online,Expense,-38686.44
100453,2023-05-15,Uber,Transportation,223.05,Cash,Gurugram,Expense,-38909.49
100454,15/05/2023,Hostel Laundry,Bills,961.9,Credit Card,Gurugram,Expense,-39871.39
100455,15-May-2023,BSES,Bills,732.76,Cash,Online,Expense,-40604.15
100456,2023-05-15,Domino's,Food & Dining,274.94,UPI,Gurugram,Expense,-40879.09
100457,15-May-2023,BookMyShow,Entertainment,718.17,Cash,New Delhi,Expense,-41597.26
100458,16-May-2023,Uber,Transportation,106.75,UPI,Mumbai,Expense,-41704.01
100459,2023-05-16,BSES,Bills,864.82,Credit Card,Online,Expense,-42568.83
100460,2023-05-16,Burger King,Dining,347.49,Cash,Hyderabad,Expense,-42916.32
100461,16-May-2023,Flipkart,shopping,2391.64,Credit Card,Online,Expense,-45307.96
100462,16-May-2023,Zerodha,Investment,1763.6,Cash,Online,Expense,-47071.56
100463,17/05/2023,IndiGo,Travel,16674.79,Credit Card,Mumbai,Expense,-63746.35
100464,17-May-2023,Campus Canteen,FOOD,149.86,Net Banking,Hyderabad,Expense,-63896.21
100465,17/05/2023,Spotify,Entertainment,512.01,Debit Card,New Delhi,Expense,-64408.22
100466,2023-05-17,McDonald's,Food & Dining,267.23,  Cash ,Hyderabad,Expense,-64675.45
100467,18-May-2023,Reliance Fresh,Groceries,875.84,Cash,Noida,Expense,-65551.29
100468,2023-05-18,PVR Cinemas,Entertainment,366.46,  Debit Card ,Gurugram,Expense,-65917.75
100469,18-May-2023,BookMyShow,Entertainment,111.35,Debit Card,Noida,Expense,-66029.1
100470,18/05/2023,Printing Shop,Miscellaneous,416.24,UPI,Hyderabad,Expense,-66445.34
100471,18-May-2023,Printing Shop,Miscellaneous,61.8,Cash,New Delhi,Expense,-66507.14
100472,18-May-2023,Domino's,Food & Dining,274.99,,Hyderabad,Expense,-66782.13
100473,18-May-2023,Apollo Pharmacy,Health,439.66,Net Banking,New Delhi,Expense,-67221.79
100474,19-May-2023,Chaayos,Food & Dining,142.11,Credit Card,Online,Expense,-67363.9
100475,2023-05-19,Rapido,Transportation,199.57,Net Banking,,Expense,-67563.47
100476,20/05/2023,BigBasket,Groceries,330.73,Debit Card,Gurugram,Expense,-67894.2
100477,20/05/2023,Rapido,Transportation,196.87,Debit Card,New Delhi,Expense,-68091.07
100478,21-May-2023,Blinkit,Groceries,879.22,Net Banking,Gurugram,Expense,-68970.29
100479,2023-05-21,,Transport,209.41,,Gurugram,Expense,-69179.7
100480,21/05/2023,Printing Shop,Others,316.26,UPI,Hyderabad,Expense,-69495.96
100481,2023-05-22,NAN,Rent,4838.79,UPI,New Delhi,Expense,-74334.75
100481,22-May-2023,,Rent,4838.79,UPI,New Delhi,Expense,-74334.75
100482,22/05/2023,Jio,Bills,366.22,Cash,Online,Expense,-74700.97
100483,22/05/2023,,Bills,305.03,Cash,New Delhi,Expense,-75006.0
100483,22-May-2023,NAN,Bills,305.03,Cash,New Delhi,Expense,-75006.0
100484,23-May-2023,Hostel Laundry,Bills,927.48,UPI,Gurugram,Expense,-75933.48
100485,23/05/2023,NPS,Investment,1228.62,Cash,Hyderabad,Expense,-77162.1
100486,2023-05-23,Groww,Investment,1654.06,Cash,Gurugram,Expense,-78816.16
100487,2023-05-23,Blinkit,Groceries,840.29,Net Banking,New Delhi,Expense,-79656.45
100488,2023-05-24,Myntra Refund,Refund,1764.89,UPI,Online,Income,-77891.56
100489,24-May-2023,Zomato,Food & Dining,336.1,Cash,Hyderabad,Expense,-78227.66
100490,24/05/2023,Swiggy,Food & Dining,131.31,Cash,Noida,Expense,-78358.97
100491,24-May-2023,Ola,Transportation,199.21,Net Banking,Hyderabad,Expense,-78558.18
100492,24-May-2023,Zomato,Food & Dining,296.01,,Noida,Expense,-78854.19
100493,2023-05-24,Ajio,Shopping,343.62,Net Banking,Noida,Expense,-79197.81
100494,25/05/2023,Udemy,Education,1029.81,UPI,Hyderabad,Expense,-80227.62
100495,25/05/2023,Printing Shop,Miscellaneous,204.34,UPI,Hyderabad,Expense,-80431.96
100496,25-May-2023,Burger King,Food & Dining,110.84,Debit Card,Hyderabad,Expense,-80542.8
100497,2023-05-26,Flipkart,Shopping,1766.57,UPI,New Delhi,Expense,-82309.37
100498,2023-05-26,Delhi Metro,Transportation,162.64,Cash,Gurugram,Expense,-82472.01
100499,26-May-2023,Netflix,Movies,351.67,UPI,Noida,Expense,-82823.68
100500,27/05/2023,Campus Canteen,food & dining,308.61,UPI,New Delhi,Expense,-83132.29
100501,2023-05-27,Chaayos,Food & Dining,144.93,Cash,Mumbai,Expense,-83277.22
100502,27-May-2023,Myntra,shopping,1639.07,,Hyderabad,Expense,-84916.29
100503,27/05/2023,Rapido,Transportation,63.03,Net Banking,New Delhi,Expense,-84979.32
100504,27-May-2023,IndiGo,Travel,2783.72,Debit Card,New Delhi,Expense,-87763.04
100505,28/05/2023,BigBasket,Groceries,174.68,UPI,Noida,Expense,-87937.72
100506,28-May-2023,Hostel Laundry,Bills,962.88,UPI,Gurugram,Expense,-88900.6
100507,2023-05-28,Ajio,SHOPPING,405.61,Cash,Noida,Expense,-89306.21
100508,28-May-2023,Blinkit,Groceries,346.77,Net Banking,Mumbai,Expense,-89652.98
100509,01-Jun-2023,IIT Delhi,Salary/Stipend,14698.39,Net Banking,New Delhi,Income,-74954.59
100510,01/06/2023,Swiggy,Food & Dining,299.44,Credit Card,,Expense,-75254.03
100511,01/06/2023,Delhi Metro,transportation,82.2,Net Banking,Noida,Expense,-75336.23
100512,02-Jun-2023,Parents,Family Support,42243.99,Net Banking,Hyderabad,Income,-33092.24
100513,2023-06-02,Swiggy,Food & Dining,150.79,Cash,Hyderabad,Expense,-33243.03
100514,02/06/2023,Ola,Transportation,135.47,Credit Card,Hyderabad,Expense,-33378.5
100515,2023-06-02,Zomato,Food & Dining,90.25,Net Banking,Noida,Expense,-33468.75
100516,03-Jun-2023,Printing Shop,Miscellaneous,318.67,Cash,Noida,Expense,-33787.42
100517,03/06/2023,Domino's,Food & Dining,177.32,Credit Card,New Delhi,Expense,-33964.74
100518,03/06/2023,Burger King,Food & Dining,252.28,UPI,Gurugram,Expense,-34217.02
100519,03-Jun-2023,Air India,Travel,16108.25,Debit Card,Gurugram,Expense,-50325.27
100520,04-Jun-2023,Hostel Fee,Rent,5791.57,UPI,New Delhi,Expense,-56116.84
100521,04-Jun-2023,Netflix,Entertainment,288.14,Debit Card,Online,Expense,-56404.98
100522,05/06/2023,Jio,utilities,282.58,Credit Card,New Delhi,Expense,-56687.56
100523,05/06/2023,Rapido,transportation,222.63,Credit Card,Mumbai,Expense,-56910.19
100524,2023-06-05,Reliance Fresh,Groceries,437.23,UPI,Hyderabad,Expense,-57347.42
100525,05-Jun-2023,NPS,Investment,2931.4,Debit Card,New Delhi,Expense,-60278.82
100526,05-Jun-2023,Zomato,Food & Dining,258.86,Debit Card,Gurugram,Expense,-60537.68
100527,05/06/2023,SWIGGY,Food & Dining,311.27,Credit Card,Gurugram,Expense,-60848.95
100528,2023-06-05,,Commute,122.58,Net Banking,Hyderabad,Expense,-60971.53
100529,05-Jun-2023,McDonald's,Food & Dining,155.54,Credit Card,Mumbai,Expense,-61127.07
100530,05-Jun-2023,Chaayos,Food & Dining,270.27,UPI,Hyderabad,Expense,-61397.34
100531,05-Jun-2023,BigBasket,Groceries,852.52,UPI,Noida,Expense,-62249.86
100532,06/06/2023,Stationery,Miscellaneous,543.54,UPI,Mumbai,Expense,-62793.4
100533,2023-06-06,PVR CINEMAS,Entertainment,604.54,Credit Card,Mumbai,Expense,-63397.94
100534,06-Jun-2023,Delhi Metro,Transportation,47.58,Net Banking,New Delhi,Expense,-63445.52
100535,2023-06-06,Domino's,Food & Dining,264.47,Credit Card,Noida,Expense,-63709.99
100536,06-Jun-2023,  Rapido ,  Commute ,94.2,Cash,  Mumbai ,Expense,-63804.19
100537,07/06/2023,McDonald's,Food & Dining,105.7,  UPI ,Noida,Expense,-63909.89
100538,07-Jun-2023,Campus Canteen,Food,174.82,Credit Card,Online,Expense,-64084.71
100539,2023-06-07,Airtel,Bills,586.62,UPI,Noida,Expense,-64671.33
100540,2023-06-07,Ola,Commute,137.6,Net Banking,Gurugram,Expense,-64808.93
100541,07-Jun-2023,Ola,transportation,37.18,Net Banking,New Delhi,Expense,-64846.11
100542,2023-06-07,Blinkit,Groceries,873.48,Debit Card,Online,Expense,-65719.59
100543,08-Jun-2023,McDonald's,Dining,322.44,Cash,New Delhi,Expense,-66042.03
100544,08/06/2023,Uber,transportation,239.29,Credit Card,New Delhi,Expense,-66281.32
100545,08-Jun-2023,BookMyShow,entertainment,617.7,  Debit Card ,Hyderabad,Expense,-66899.02
100546,2023-06-08,Burger King,Food & Dining,190.71,Debit Card,Mumbai,Expense,-67089.73
100547,08-Jun-2023,Zomato,Food & Dining,290.86,Credit Card,Online,Expense,-67380.59
100548,2023-06-08,Ola,transportation,154.32,UPI,Noida,Expense,-67534.91
100549,2023-06-09,Swiggy,Dining,298.89,Cash,Hyderabad,Expense,-67833.8
100550,10-Jun-2023,Airtel,Bills,893.3,Debit Card,Noida,Expense,-68727.1
100551,2023-06-10,Delhi Metro,Transportation,31.26,Credit Card,New Delhi,Expense,-68758.36
100552,2023-06-10,BSES,Bills,292.89,Credit Card,Noida,Expense,-69051.25
100553,2023-06-11,Domino's,Food & Dining,327.28,UPI,Hyderabad,Expense,-69378.53
100554,11-Jun-2023,Amazon,SHOPPING,2223.7,Cash,Mumbai,Expense,-71602.23
100555,11/06/2023,Burger King,food & dining,209.06,Credit Card,Noida,Expense,-71811.29
100556,12-Jun-2023,BookMyShow,Fun,586.29,Cash,Gurugram,Expense,-72397.58
100557,2023-06-12,Zomato,Food & Dining,203.32,Debit Card,Hyderabad,Expense,-72600.9
100558,12/06/2023,Ajio,Shopping,2411.26,Net Banking,New Delhi,Expense,-75012.16
100559,2023-06-13,PVR Cinemas,Entertainment,512.7,Cash,Gurugram,Expense,-75524.86
100560,2023-06-13,DMart,Groceries,627.91,Net Banking,Hyderabad,Expense,-76152.77
100561,13/06/2023,Myntra,Shopping,2333.59,Debit Card,Online,Expense,-78486.36
100562,13-Jun-2023,BSES,Bills,1180.93,Credit Card,Noida,Expense,-79667.29
100563,15-Jun-2023,Apollo Pharmacy,Health,368.57,Cash,Noida,Expense,-80035.86
100564,15-Jun-2023,Airtel,Bills,671.39,UPI,Mumbai,Expense,-80707.25
100565,15/06/2023,Domino's,Food & Dining,124.38,Cash,New Delhi,Expense,-80831.63
100566,16/06/2023,Zerodha,Investment,2562.12,Debit Card,Gurugram,Expense,-83393.75
100567,16/06/2023,DMart,Groceries,279.58,UPI,Hyderabad,Expense,-83673.33
100568,16-Jun-2023,Domino's,food & dining,83.06,  Net Banking ,Hyderabad,Expense,-83756.39
100569,16/06/2023,Hostel Laundry,Bills,812.01,Net Banking,Online,Expense,-84568.4
100570,2023-06-16,Delhi Metro,Transportation,145.24,Net Banking,Hyderabad,Expense,-84713.64
100571,17/06/2023,Hostel Fee,Rent,4714.28,Net Banking,Mumbai,Expense,-89427.92
100572,2023-06-17,Stationery,Miscellaneous,127.96,,Online,Expense,-89555.88
100573,2023-06-18,Ola,Transport,167.32,Debit Card,New Delhi,Expense,-89723.2
100574,18/06/2023,NPS,Investment,2636.5,Net Banking,Noida,Expense,-92359.7
100575,18/06/2023,Delhi Metro,Transportation,182.65,Credit Card,Mumbai,Expense,-92542.35
100576,2023-06-19,Rapido,Commute,152.92,Debit Card,Mumbai,Expense,-92695.27
100577,19-Jun-2023,Campus Canteen,Food & Dining,107.78,UPI,Noida,Expense,-92803.05
100578,19/06/2023,Zerodha,Investment,626.59,Cash,Online,Expense,-93429.64
100579,19/06/2023,Burger King,Food & Dining,269.15,Credit Card,Hyderabad,Expense,-93698.79
100580,19/06/2023,Gift Shop,Miscellaneous,761.59,Net Banking,New Delhi,Expense,-94460.38
100581,2023-06-20,Jio,Bills,685.51,Debit Card,Mumbai,Expense,-95145.89
100582,2023-06-20,Practo,Health,297.18,UPI,Gurugram,Expense,-95443.07
100583,21/06/2023,Myntra Refund,Refund,1640.34,UPI,New Delhi,Income,-93802.73
100584,21/06/2023,Delhi Metro,Transportation,52.7,Cash,Online,Expense,-93855.43
100585,2023-06-21,BookMyShow,Entertainment,132.16,UPI,New Delhi,Expense,-93987.59
100586,2023-06-21,Hostel Fee,Rent,5864.11,Credit Card,Gurugram,Expense,-99851.7
100587,21/06/2023,Netflix,entertainment,273.45,Credit Card,Hyderabad,Expense,-100125.15
100588,21-Jun-2023,Ajio,Shopping,1856.55,Credit Card,Gurugram,Expense,-101981.7
100589,21-Jun-2023,Uber,Transportation,164.97,Net Banking,Hyderabad,Expense,-102146.67
100590,2023-06-21,Coursera,Education,1456.79,Cash,Mumbai,Expense,-103603.46
100591,21/06/2023,Uber,Transportation,93.49,Debit Card,Online,Expense,-103696.95
100592,23/06/2023,Myntra,Shopping,811.77,Credit Card,Mumbai,Expense,-104508.72
100593,2023-06-23,Ola,Transportation,90.27,Cash,Mumbai,Expense,-104598.99
100594,23-Jun-2023,Uber,Transportation,34.69,Cash,Online,Expense,-104633.68
100595,23/06/2023,Swiggy,Food & Dining,136.61,Debit Card,Gurugram,Expense,-104770.29
100596,2023-06-24,Chaayos,Food & Dining,183.43,UPI,New Delhi,Expense,-104953.72
100597,24-Jun-2023,Blinkit,Groceries,532.14,Debit Card,Mumbai,Expense,-105485.86
100598,2023-06-24,Coursera,Education,1308.61,Net Banking,New Delhi,Expense,-106794.47
100599,24-Jun-2023,Campus Canteen,Dining,165.86,,Hyderabad,Expense,-106960.33
100600,2023-06-25,DMart,Groceries,625.22,Cash,Hyderabad,Expense,-107585.55
100601,25-Jun-2023,Rapido,Transport,183.9,Cash,Mumbai,Expense,-107769.45
100602,25/06/2023,MakeMyTrip,Travel,12425.57,Credit Card,Noida,Expense,-120195.02
100603,2023-06-26,Zomato,Food & Dining,107.51,UPI,New Delhi,Expense,-120302.53
100604,2023-06-26,Zerodha,Investment,2591.74,Net Banking,Gurugram,Expense,-122894.27
100605,2023-06-26,Delhi Metro,Transportation,60.82,UPI,New Delhi,Expense,-122955.09
100606,26-Jun-2023,Burger King,Food & Dining,165.92,Credit Card,Mumbai,Expense,-123121.01
100607,2023-06-27,Uber,Transportation,165.89,,Mumbai,Expense,-123286.9
100608,2023-06-27,Printing Shop,Miscellaneous,249.9,UPI,Noida,Expense,-123536.8
100609,28/06/2023,Uber,Commute,151.73,Credit Card,Online,Expense,-123688.53
100610,28/06/2023,Practo,Health,1787.23,Credit Card,Mumbai,Expense,-125475.76
100611,28/06/2023,Airtel,Bills,1055.8,Cash,Mumbai,Expense,-126531.56
100612,2023-06-28,Rapido,Commute,47.74,Credit Card,Online,Expense,-126579.3
100613,28-Jun-2023,Practo,Health,324.37,Cash,Gurugram,Expense,-126903.67
100614,28-Jun-2023,,Groceries,191.58,Debit Card,Noida,Expense,-127095.25
100615,28/06/2023,Netflix,Entertainment,101.8,Credit Card,New Delhi,Expense,-127197.05
100616,2023-06-28,Burger King,food & dining,142.5,Cash,Mumbai,Expense,-127339.55
100617,2023-06-28,BigBasket,Groceries,246.59,UPI,New Delhi,Expense,-127586.14
100618,2023-07-01,IIT Delhi,Salary/Stipend,16722.12,Net Banking,New Delhi,Income,-110864.02
100619,01-Jul-2023,Jio,Bills,761.26,Debit Card,Hyderabad,Expense,-111625.28
100620,01-Jul-2023,BigBasket,Groceries,-697.99,Net Banking,Noida,Expense,-112323.27
100621,02/07/2023,Parents,Family Support,25962.95,Net Banking,Hyderabad,Income,-86360.32
100622,02-Jul-2023,,Transportation,35.02,Debit Card,Online,Expense,-86395.34
100622,2023-07-02,,Transportation,35.02,Debit Card,Online,Expense,-86395.34
100623,02-Jul-2023,Burger King,Food & Dining,224.38,UPI,Mumbai,Expense,-86619.72
100624,2023-07-02,Campus Canteen,Food & Dining,305.75,UPI,Online,Expense,-86925.47
100625,02/07/2023,Chaayos,Food & Dining,127.17,Debit Card,Gurugram,Expense,-87052.64
100626,2023-07-03,Domino's,Food & Dining,334.3,Net Banking,Hyderabad,Expense,-87386.94
100627,03-Jul-2023,Domino's,FOOD,81.03,Net Banking,Online,Expense,-87467.97
100628,2023-07-03,Reliance Fresh,Groceries,722.68,Net Banking,Online,Expense,-88190.65
100629,04-Jul-2023,Hostel Fee,Rent,5068.07,UPI,New Delhi,Expense,-93258.72
100630,04/07/2023,Airtel,utilities,1161.31,Net Banking,New Delhi,Expense,-94420.03
100631,04-Jul-2023,Gate Academy,Education,986.6,Net Banking,Hyderabad,Expense,-95406.63
100632,2023-07-04,Chaayos,Food & Dining,104.03,Net Banking,Mumbai,Expense,-95510.66
100633,04/07/2023,,Groceries,675.44,Credit Card,Online,Expense,-96186.1
100633,04/07/2023,,Groceries,675.44,Credit Card,Online,Expense,-96186.1
100634,05-Jul-2023,Spotify,Entertainment,178.76,Net Banking,Hyderabad,Expense,-96364.86
100635,2023-07-05,LeetCode,Education,2470.63,Credit Card,New Delhi,Expense,-98835.49
100636,05-Jul-2023,Zomato,Dining,-140.57,UPI,Hyderabad,Expense,-98976.06
100637,2023-07-06,Zerodha,Investment,685.5,Credit Card,Mumbai,Expense,-99661.56
100638,06/07/2023,Campus Canteen,Food & Dining,-86.95,Debit Card,New Delhi,Expense,-99748.51
100639,2023-07-06,Rapido,Transportation,156.63,Net Banking,Hyderabad,Expense,-99905.14
100640,06-Jul-2023,BigBasket,Groceries,623.27,UPI,New Delhi,Expense,-100528.41
100641,2023-07-06,Uber,Transportation,114.24,Net Banking,Online,Expense,-100642.65
100642,06-Jul-2023,Burger King,Food & Dining,253.72,Cash,Online,Expense,-100896.37
100643,2023-07-07,Zomato,food & dining,107.34,Cash,Mumbai,Expense,-101003.71
100644,07/07/2023,Chaayos,Food & Dining,345.78,Credit Card,Noida,Expense,-101349.49
100645,07/07/2023,  Rapido ,  Transportation ,168.48,,  Online ,Expense,-101517.97
100646,2023-07-07,Udemy,Education,363.69,UPI,Noida,Expense,-101881.66
100647,07/07/2023,Ajio,Shopping,1282.75,Debit Card,Mumbai,Expense,-103164.41
100648,07-Jul-2023,LeetCode,Education,631.71,Cash,Hyderabad,Expense,-103796.12
100649,2023-07-08,Coursera,Education,1029.29,Cash,Gurugram,Expense,-104825.41
100650,09-Jul-2023,DMart,Groceries,319.68,Credit Card,Mumbai,Expense,-105145.09
100651,09-Jul-2023,Uber,Transportation,57.61,Debit Card,New Delhi,Expense,-105202.7
100652,2023-07-09,PVR Cinemas,Entertainment,331.92,Cash,New Delhi,Expense,-105534.62
100653,2023-07-09,Blinkit,Groceries,242.7,Credit Card,Noida,Expense,-105777.32
100654,09/07/2023,Chaayos,Food & Dining,133.93,Net Banking,Noida,Expense,-105911.25
100655,2023-07-09,Coursera,Education,2401.2,Debit Card,Gurugram,Expense,-108312.45
100656,10-Jul-2023,Swiggy,Food & Dining,308.36,Debit Card,Gurugram,Expense,-108620.81
100657,2023-07-10,Stationery,misc,719.28,Credit Card,Hyderabad,Expense,-109340.09
100658,10-Jul-2023,Gift Shop,Miscellaneous,522.73,UPI,Mumbai,Expense,-109862.82
100659,10/07/2023,DMart,Groceries,613.27,UPI,Online,Expense,-110476.09
100660,10/07/2023,BSES,Utility Bills,602.43,Cash,New Delhi,Expense,-111078.52
100661,11-Jul-2023,Campus Canteen,Food & Dining,-240.66,UPI,New Delhi,Expense,-111319.18
100662,11-Jul-2023,Delhi Metro,Transportation,111.39,Net Banking,Online,Expense,-111430.57
100663,11/07/2023,Delhi Metro,Transportation,83.59,Debit Card,Mumbai,Expense,-111514.16
100664,11/07/2023,Gift Shop,Miscellaneous,497.28,Credit Card,Gurugram,Expense,-112011.44
100665,2023-07-12,Printing Shop,misc,114.28,Cash,Hyderabad,Expense,-112125.72
100666,12-Jul-2023,BookMyShow,Entertainment,707.23,Debit Card,Online,Expense,-112832.95
100667,12-Jul-2023,Campus Canteen,food & dining,93.65,Credit Card,Gurugram,Expense,-112926.6
100668,2023-07-13,Chaayos,Food & Dining,96.47,Net Banking,Online,Expense,-113023.07
100669,13/07/2023,Uber,Transportation,126.77,UPI,Noida,Expense,-113149.84
100670,2023-07-13,BigBasket,Groceries,800.62,Cash,New Delhi,Expense,-113950.46
100671,13/07/2023,Ola,Transportation,175.55,Net Banking,Hyderabad,Expense,-114126.01
100672,2023-07-14,Udemy,Education,1849.91,Net Banking,Online,Expense,-115975.92
100673,2023-07-14,Tata 1mg,Health,291.99,UPI,New Delhi,Expense,-116267.91
100674,15/07/2023,Coursera,Education,1112.68,Debit Card,Online,Expense,-117380.59
100675,2023-07-15,Domino's,FOOD,188.21,Cash,Mumbai,Expense,-117568.8
100676,16/07/2023,NPS,Investment,2217.67,Credit Card,Online,Expense,-119786.47
100677,2023-07-16,Stationery,Miscellaneous,479.02,Credit Card,Gurugram,Expense,-120265.49
100678,16/07/2023,Domino's,Food & Dining,86.87,,Online,Expense,-120352.36
100679,2023-07-16,Hostel Laundry,Bills,543.73,UPI,New Delhi,Expense,-120896.09
100680,16/07/2023,,Health,1269.95,Credit Card,New Delhi,Expense,-122166.04
100680,2023-07-16,,Health,1269.95,Credit Card,New Delhi,Expense,-122166.04
100681,16-Jul-2023,Myntra,Shopping,418.45,Credit Card,Gurugram,Expense,-122584.49
100682,18-Jul-2023,BigBasket,Groceries,844.18,Debit Card,Gurugram,Expense,-123428.67
100683,19-Jul-2023,Burger King,Food & Dining,93.4,Cash,Noida,Expense,-123522.07
100684,2023-07-19,Ola,Commute,57.47,Credit Card,Mumbai,Expense,-123579.54
100685,19-Jul-2023,DMart,Groceries,617.7,UPI,Hyderabad,Expense,-124197.24
100686,2023-07-19,Ola,Transportation,189.45,Debit Card,Mumbai,Expense,-124386.69
100687,19-Jul-2023,  DMart ,  Groceries ,799.8,Cash,  nan ,Expense,-125186.49
100688,19-Jul-2023,Practo,Health,920.55,Cash,Noida,Expense,-126107.04
100689,20/07/2023,Airtel,Bills,957.08,Credit Card,Online,Expense,-127064.12
100690,21-Jul-2023,Gate Academy,Education,883.01,Credit Card,Gurugram,Expense,-127947.13
100691,21-Jul-2023,McDonald's,Food & Dining,135.82,Net Banking,New Delhi,Expense,-128082.95
100692,21-Jul-2023,Gift Shop,Miscellaneous,564.74,Debit Card,Hyderabad,Expense,-128647.69
100693,21-Jul-2023,Zomato,Food & Dining,117.37,Debit Card,Gurugram,Expense,-128765.06
100694,21-Jul-2023,Flipkart,Shopping,2049.77,UPI,Noida,Expense,-130814.83
100695,22-Jul-2023,Udemy,Education,2060.99,UPI,Online,Expense,-132875.82
100696,22/07/2023,McDonald's,Food & Dining,101.16,Credit Card,Mumbai,Expense,-132976.98
100697,22-Jul-2023,Rapido,Transportation,162.2,UPI,Online,Expense,-133139.18
100698,22-Jul-2023,Amazon,Shopping,2181.03,Credit Card,Noida,Expense,-135320.21
100699,2023-07-22,Amazon,Shopping,2426.06,Cash,Noida,Expense,-137746.27
100700,22/07/2023,Airtel,Bills,410.94,Cash,New Delhi,Expense,-138157.21
100701,22/07/2023,Ola,Transportation,59.1,Debit Card,New Delhi,Expense,-138216.31
100702,2023-07-23,Practo,Health,121.02,Net Banking,Hyderabad,Expense,-138337.33
100703,23/07/2023,BookMyShow,Entertainment,145.93,Credit Card,Hyderabad,Expense,-138483.26
100704,2023-07-23,  Myntra ,  Shopping ,937.28,Cash,  Online ,Expense,-139420.54
100705,23/07/2023,DMart,Groceries,242.37,Cash,Mumbai,Expense,-139662.91
100706,23-Jul-2023,Reliance Fresh,Groceries,617.1,Cash,New Delhi,Expense,-140280.01
100707,23/07/2023,Ola,Transportation,92.27,Debit Card,Hyderabad,Expense,-140372.28
100708,24/07/2023,Reliance Fresh,Groceries,705.69,Debit Card,Mumbai,Expense,-141077.97
100709,24/07/2023,Chaayos,Food & Dining,175.93,Debit Card,Online,Expense,-141253.9
100710,24/07/2023,Zomato,Food & Dining,81.11,Credit Card,Mumbai,Expense,-141335.01
100711,2023-07-24,Amazon,shopping,953.59,UPI,New Delhi,Expense,-142288.6
100712,25/07/2023,Delhi Metro,Transportation,191.06,Debit Card,Mumbai,Expense,-142479.66
100713,2023-07-25,Reliance Fresh,Groceries,307.04,Net Banking,Noida,Expense,-142786.7
100714,25/07/2023,Hostel Fee,Rent,5235.27,Credit Card,Online,Expense,-148021.97
100715,2023-07-25,DMart,Groceries,862.08,UPI,Gurugram,Expense,-148884.05
100716,26/07/2023,Ola,Transportation,210.63,Credit Card,Online,Expense,-149094.68
100717,26-Jul-2023,Blinkit,Groceries,236.63,Cash,Online,Expense,-149331.31
100718,26/07/2023,BookMyShow,Entertainment,729.78,Debit Card,Mumbai,Expense,-150061.09
100719,27-Jul-2023,LeetCode,Education,344.51,Debit Card,Gurugram,Expense,-150405.6
100720,27/07/2023,Hostel Fee,Rent,5949.73,Net Banking,Mumbai,Expense,-156355.33
100721,28/07/2023,Uber,Transportation,110.81,Net Banking,Hyderabad,Expense,-156466.14
100722,28/07/2023,PVR Cinemas,Entertainment,631.65,UPI,Hyderabad,Expense,-157097.79
100723,28/07/2023,Stationery,Miscellaneous,93.98,UPI,Online,Expense,-157191.77
100724,01-Aug-2023,IIT Delhi,Salary/Stipend,17820.87,Net Banking,New Delhi,Income,-139370.9
100725,01-Aug-2023,Coursera,Education,1229.25,UPI,Online,Expense,-140600.15
100726,2023-08-01,Rapido,Transportation,209.09,Credit Card,Hyderabad,Expense,-140809.24
100727,01-Aug-2023,Zomato,Food & Dining,305.01,UPI,Noida,Expense,-141114.25
100728,02/08/2023,,Family Support,35138.59,Net Banking,Hyderabad,Income,-105975.66
100728,2023-08-02,,Family Support,35138.59,Net Banking,Hyderabad,Income,-105975.66
100729,2023-08-02,Printing Shop,Miscellaneous,159.82,Debit Card,Noida,Expense,-106135.48
100730,2023-08-02,Chaayos,FOOD,167.11,Net Banking,Mumbai,Expense,-106302.59
100731,02/08/2023,DMart,Groceries,490.98,Debit Card,New Delhi,Expense,-106793.57
100732,03-Aug-2023,Delhi Metro,transportation,143.52,Credit Card,Noida,Expense,-106937.09
100733,03-Aug-2023,Stationery,Miscellaneous,78.41,Credit Card,Gurugram,Expense,-107015.5
100734,03-Aug-2023,  BSES ,  utilities ,870.97,Net Banking,  New Delhi ,Expense,-107886.47
100735,03-Aug-2023,BSES,Bills,690.87,,Mumbai,Expense,-108577.34
100736,2023-08-03,Coursera,Education,468.22,Net Banking,Mumbai,Expense,-109045.56
100737,04-Aug-2023,Hostel Fee,Rent,4678.06,UPI,New Delhi,Expense,-113723.62
100738,04/08/2023,DMart,Groceries,566.3,UPI,Hyderabad,Expense,-114289.92
100739,04-Aug-2023,Spotify,Entertainment,440.88,Net Banking,New Delhi,Expense,-114730.8
100740,2023-08-04,Ola,Transportation,184.98,Cash,Gurugram,Expense,-114915.78
100741,05-Aug-2023,Gift Shop,Others,767.14,UPI,Hyderabad,Expense,-115682.92
100742,2023-08-05,Flipkart,Shopping,2182.11,,Mumbai,Expense,-117865.03
100743,2023-08-05,Gift Shop,Miscellaneous,617.9,Credit Card,Noida,Expense,-118482.93
100744,05/08/2023,Gate Academy,Education,314.51,Credit Card,Noida,Expense,-118797.44
100745,05/08/2023,Chaayos,Food & Dining,190.91,Net Banking,Noida,Expense,-118988.35
100746,2023-08-06,Rapido,Transportation,44.45,Credit Card,Mumbai,Expense,-119032.8
100747,06/08/2023,Zomato,food & dining,264.32,Net Banking,New Delhi,Expense,-119297.12
100748,06-Aug-2023,Uber,Commute,70.59,Net Banking,Noida,Expense,-119367.71
100749,2023-08-06,Burger King,Food & Dining,149.73,Cash,Hyderabad,Expense,-119517.44
100750,06-Aug-2023,BSES,Bills,661.89,,Hyderabad,Expense,-120179.33
100751,07/08/2023,Domino's,Food & Dining,260.97,Credit Card,Gurugram,Expense,-120440.3
100752,07-Aug-2023,Burger King,Food & Dining,280.79,Cash,Noida,Expense,-120721.09
100753,07-Aug-2023,BookMyShow,Entertainment,608.16,Net Banking,Noida,Expense,-121329.25
100754,07-Aug-2023,Zomato,Food & Dining,253.74,Credit Card,Noida,Expense,-121582.99
100755,2023-08-08,BigBasket,Groceries,581.22,Cash,,Expense,-122164.21
100756,08-Aug-2023,Swiggy,Dining,285.6,Debit Card,Gurugram,Expense,-122449.81
100757,09/08/2023,Spotify,entertainment,386.45,Credit Card,New Delhi,Expense,-122836.26
100758,10-Aug-2023,Stationery,Miscellaneous,298.3,Net Banking,Hyderabad,Expense,-123134.56
100759,11-Aug-2023,Domino's,Dining,261.3,UPI,Noida,Expense,-123395.86
100760,2023-08-11,Printing Shop,Miscellaneous,504.62,Cash,Online,Expense,-123900.48
100761,2023-08-11,Hostel Laundry,Bills,380.52,Credit Card,New Delhi,Expense,-124281.0
100762,2023-08-11,DMart,Groceries,453.34,Cash,Mumbai,Expense,-124734.34
100763,11/08/2023,Domino's,Food & Dining,236.76,Credit Card,Mumbai,Expense,-124971.1
100764,2023-08-11,Blinkit,Groceries,423.37,Credit Card,New Delhi,Expense,-125394.47
100765,2023-08-12,Jio,Bills,419.64,,Hyderabad,Expense,-125814.11
100766,12-Aug-2023,DMart,Groceries,217.92,Credit Card,Hyderabad,Expense,-126032.03
100767,13/08/2023,BookMyShow,Entertainment,112.44,UPI,Hyderabad,Expense,-126144.47
100768,2023-08-13,Gift Shop,Others,744.86,Debit Card,Hyderabad,Expense,-126889.33
100769,13-Aug-2023,Chaayos,food & dining,237.11,Net Banking,Noida,Expense,-127126.44
100770,2023-08-13,Jio,Utility Bills,352.8,UPI,New Delhi,Expense,-127479.24
100771,14/08/2023,BookMyShow,Entertainment,487.26,Net Banking,Noida,Expense,-127966.5
100772,2023-08-15,Apollo Pharmacy,Health,767.92,Debit Card,New Delhi,Expense,-128734.42
100773,15-Aug-2023,Groww,Investment,2926.23,Credit Card,Online,Expense,-131660.65
100774,16-Aug-2023,McDonald's,Food & Dining,277.9,Cash,Gurugram,Expense,-131938.55
100775,16-Aug-2023,Gift Shop,Miscellaneous,411.14,Credit Card,Hyderabad,Expense,-132349.69
100776,2023-08-16,Chaayos,Food & Dining,243.76,Cash,Noida,Expense,-132593.45
100777,2023-08-17,BSES,Bills,1075.08,Net Banking,Gurugram,Expense,-133668.53
100778,17/08/2023,BigBasket,Groceries,362.12,Net Banking,Hyderabad,Expense,-134030.65
100779,2023-08-17,Chaayos,Food & Dining,260.52,Debit Card,Online,Expense,-134291.17
100780,17-Aug-2023,Gift Shop,Miscellaneous,676.6,Cash,Noida,Expense,-134967.77
100781,2023-08-17,Campus Canteen,Food,312.09,Cash,Noida,Expense,-135279.86
100782,18/08/2023,Delhi Metro,Transportation,118.56,Credit Card,Noida,Expense,-135398.42
100783,2023-08-18,Delhi Metro,Transportation,201.68,UPI,Mumbai,Expense,-135600.1
100784,2023-08-18,Gate Academy,Education,1513.51,Credit Card,Gurugram,Expense,-137113.61
100785,19-Aug-2023,Delhi Metro,Transportation,225.03,Credit Card,Online,Expense,-137338.64
100786,20/08/2023,Uber,Transportation,177.75,Debit Card,Online,Expense,-137516.39
100787,2023-08-20,Stationery,Miscellaneous,125.03,Credit Card,Gurugram,Expense,-137641.42
100788,20/08/2023,Airtel,Utility Bills,295.16,Net Banking,Hyderabad,Expense,-137936.58
100789,2023-08-21,Netflix,Entertainment,132.55,Cash,Online,Expense,-138069.13
100790,21/08/2023,Stationery,Miscellaneous,751.63,Credit Card,Noida,Expense,-138820.76
100791,21/08/2023,Tata 1mg,Health,1297.87,Net Banking,Hyderabad,Expense,-140118.63
100792,2023-08-21,Ola,Transportation,75.28,UPI,Mumbai,Expense,-140193.91
100793,2023-08-21,Reliance Fresh,Groceries,182.89,Debit Card,Hyderabad,Expense,-140376.8
100794,2023-08-21,Jio,utilities,331.86,Cash,New Delhi,Expense,-140708.66
100795,21-Aug-2023,Blinkit,Groceries,280.39,Debit Card,Hyderabad,Expense,-140989.05
100796,2023-08-21,Airtel,Utility Bills,277.24,Net Banking,Noida,Expense,-141266.29
100797,22-Aug-2023,Reliance Fresh,Groceries,223.08,UPI,Gurugram,Expense,-141489.37
100798,22-Aug-2023,Blinkit,Groceries,577.98,Net Banking,Gurugram,Expense,-142067.35
100799,22/08/2023,Flipkart,Shopping,412.27,UPI,Online,Expense,-142479.62
100800,22/08/2023,NPS,Investment,860.19,Debit Card,New Delhi,Expense,-143339.81
100801,22/08/2023,,Bills,180.46,Debit Card,New Delhi,Expense,-143520.27
100801,22-Aug-2023,,Bills,180.46,Debit Card,New Delhi,Expense,-143520.27
100802,22-Aug-2023,BigBasket,Groceries,396.26,Net Banking,Noida,Expense,-143916.53
100803,22-Aug-2023,Spotify,Entertainment,165.23,Net Banking,Hyderabad,Expense,-144081.76
100804,23-Aug-2023,DMart,Groceries,627.66,Debit Card,Hyderabad,Expense,-144709.42
100805,23/08/2023,Rapido,Transportation,200.7,Debit Card,Gurugram,Expense,-144910.12
100806,2023-08-24,Spotify,entertainment,237.53,Debit Card,Online,Expense,-145147.65
100807,24-Aug-2023,Chaayos,Food & Dining,303.76,Cash,Mumbai,Expense,-145451.41
100808,24-Aug-2023,Burger King,Food & Dining,81.59,UPI,Mumbai,Expense,-145533.0
100809,24/08/2023,NPS,Investment,2094.06,Debit Card,New Delhi,Expense,-147627.06
100810,25/08/2023,,Shopping,996.94,  Debit Card ,Mumbai,Expense,-148624.0
100810,25/08/2023,,SHOPPING,996.94,Debit Card,Mumbai,Expense,-148624.0
100811,25-Aug-2023,IndiGo,Travel,7386.14,Debit Card,Online,Expense,-156010.14
100812,2023-08-25,DMart,Groceries,571.0,UPI,Mumbai,Expense,-156581.14
100813,25/08/2023,Burger King,Food & Dining,105.91,,New Delhi,Expense,-156687.05
100814,25/08/2023,AJIO,Shopping,2268.18,Net Banking,Online,Expense,-158955.23
100815,26/08/2023,BigBasket,Groceries,769.43,Net Banking,Hyderabad,Expense,-159724.66
100816,26/08/2023,Delhi Metro,Transportation,165.74,Net Banking,Hyderabad,Expense,-159890.4
100817,2023-08-26,Campus Canteen,Food,291.76,Debit Card,Mumbai,Expense,-160182.16
100818,26/08/2023,Coursera,Education,1139.02,Cash,Gurugram,Expense,-161321.18
100819,26/08/2023,Chaayos,Food & Dining,281.62,Net Banking,Gurugram,Expense,-161602.8
100820,27-Aug-2023,Stationery,misc,180.24,UPI,Online,Expense,-161783.04
100821,2023-08-27,BookMyShow,Entertainment,122.61,UPI,Hyderabad,Expense,-161905.65
100822,27-Aug-2023,Domino's,Food & Dining,139.61,Credit Card,New Delhi,Expense,-162045.26
100823,27-Aug-2023,Gift Shop,Miscellaneous,441.03,Debit Card,Hyderabad,Expense,-162486.29
100824,28/08/2023,SBI Savings,Interest,240.37,Net Banking,Online,Income,-162245.92
100825,2023-08-28,Flipkart,Shopping,1913.86,Net Banking,Online,Expense,-164159.78
100826,28-Aug-2023,Swiggy,Food & Dining,295.91,Net Banking,Online,Expense,-164455.69
100827,28/08/2023,Reliance Fresh,Groceries,574.36,Cash,Gurugram,Expense,-165030.05
100828,2023-08-28,BIGBASKET,Groceries,414.67,Cash,Online,Expense,-165444.72
100829,01-Sep-2023,IIT Delhi,Salary/Stipend,14222.26,Net Banking,New Delhi,Income,-151222.46
100830,02-Sep-2023,Parents,Family Support,38952.86,Net Banking,Hyderabad,Income,-112269.6
100831,2023-09-02,McDonald's,FOOD,311.8,UPI,Mumbai,Expense,-112581.4
100832,2023-09-03,Groww,Investment,513.23,Cash,Hyderabad,Expense,-113094.63
100833,03-Sep-2023,McDonald's,Food & Dining,107.81,Net Banking,New Delhi,Expense,-113202.44
100834,2023-09-03,Stationery,Miscellaneous,73.8,,Gurugram,Expense,-113276.24
100835,2023-09-04,,Rent,5545.06,UPI,New Delhi,Expense,-118821.3
100835,04/09/2023,,Rent,5545.06,UPI,New Delhi,Expense,-118821.3
100836,2023-09-04,Campus Canteen,Food & Dining,313.23,Credit Card,Online,Expense,-119134.53
100837,04/09/2023,Spotify,Entertainment,764.47,Net Banking,Online,Expense,-119899.0
100838,2023-09-04,Uber,transportation,113.64,Net Banking,Gurugram,Expense,-120012.64
100839,2023-09-04,Gift Shop,Miscellaneous,334.57,Debit Card,Hyderabad,Expense,-120347.21
100840,04-Sep-2023,Zerodha,Investment,555.33,Debit Card,Noida,Expense,-120902.54
100841,04/09/2023,Flipkart,Shopping,2113.57,Cash,Online,Expense,-123016.11
100842,2023-09-05,McDonald's,Dining,338.97,UPI,Noida,Expense,-123355.08
100843,05-Sep-2023,Jio,Bills,610.13,Debit Card,Online,Expense,-123965.21
100844,05/09/2023,Spotify,Entertainment,410.21,Net Banking,Noida,Expense,-124375.42
100845,06-Sep-2023,BigBasket,Groceries,568.17,Net Banking,Hyderabad,Expense,-124943.59
100846,06-Sep-2023,Zerodha,Investment,1357.74,Cash,Noida,Expense,-126301.33
100847,06-Sep-2023,Groww,Investment,1534.97,Credit Card,Mumbai,Expense,-127836.3
100848,06/09/2023,NPS,Investment,2244.06,Net Banking,Online,Expense,-130080.36
100849,07/09/2023,McDonald's,Food & Dining,281.46,Credit Card,Noida,Expense,-130361.82
100850,07-Sep-2023,Spotify,Entertainment,710.92,Credit Card,Noida,Expense,-131072.74
100851,07/09/2023,McDonald's,Food & Dining,348.52,UPI,Hyderabad,Expense,-131421.26
100852,07/09/2023,Domino's,Food & Dining,252.4,UPI,Mumbai,Expense,-131673.66
100853,08-Sep-2023,Delhi Metro,Transportation,34.74,UPI,Hyderabad,Expense,-131708.4
100854,08/09/2023,Campus Canteen,Food & Dining,89.74,UPI,Noida,Expense,-131798.14
100855,2023-09-08,Delhi Metro,transportation,117.12,Debit Card,Mumbai,Expense,-131915.26
100856,2023-09-08,Stationery,Miscellaneous,595.33,Credit Card,New Delhi,Expense,-132510.59
100857,09/09/2023,Jio,Bills,698.1,UPI,Mumbai,Expense,-133208.69
100858,2023-09-09,Rapido,Transportation,104.1,Credit Card,Online,Expense,-133312.79
100859,2023-09-09,Flipkart,Shopping,671.09,Debit Card,Online,Expense,-133983.88
100860,09-Sep-2023,,food & dining,138.18,UPI,Online,Expense,-134122.06
100861,09/09/2023,MakeMyTrip,Travel,4646.26,Cash,Noida,Expense,-138768.32
100862,2023-09-10,Blinkit,Groceries,406.43,,Online,Expense,-139174.75
100863,2023-09-11,Ajio,Shopping,1085.19,Net Banking,Gurugram,Expense,-140259.94
100864,11-Sep-2023,Stationery,Others,419.0,Credit Card,New Delhi,Expense,-140678.94
100865,2023-09-12,Apollo Pharmacy,Health,910.14,Net Banking,Gurugram,Expense,-141589.08
100866,12/09/2023,Rapido,Transportation,193.01,Debit Card,Online,Expense,-141782.09
100867,12/09/2023,PVR Cinemas,Movies,281.84,Debit Card,New Delhi,Expense,-142063.93
100868,2023-09-12,Hostel Laundry,utilities,440.63,Net Banking,Noida,Expense,-142504.56
100869,2023-09-12,Ajio,SHOPPING,1244.19,Debit Card,Noida,Expense,-143748.75
100870,2023-09-13,Burger King,Food & Dining,183.77,Net Banking,Gurugram,Expense,-143932.52
100871,2023-09-13,Domino's,Food & Dining,154.5,Cash,Online,Expense,-144087.02
100872,13/09/2023,Burger King,Food & Dining,199.55,Cash,Noida,Expense,-144286.57
100873,2023-09-13,Reliance Fresh,Groceries,343.36,Credit Card,Gurugram,Expense,-144629.93
100874,2023-09-13,BSES,Bills,192.74,Credit Card,Noida,Expense,-144822.67
100875,13-Sep-2023,Chaayos,food & dining,279.02,Cash,Noida,Expense,-145101.69
100876,2023-09-13,Printing Shop,misc,206.34,Debit Card,Gurugram,Expense,-145308.03
100877,2023-09-14,Spotify,Movies,666.17,UPI,Noida,Expense,-145974.2
100878,15/09/2023,McDonald's,FOOD,340.03,Net Banking,New Delhi,Expense,-146314.23
100879,15-Sep-2023,BookMyShow,Movies,772.87,Net Banking,New Delhi,Expense,-147087.1
100880,15/09/2023,Air India,Travel,5797.19,UPI,New Delhi,Expense,-152884.29
100881,15/09/2023,BSES,Utility Bills,398.37,Net Banking,Hyderabad,Expense,-153282.66
100882,15-Sep-2023,Burger King,FOOD,109.8,Cash,Gurugram,Expense,-153392.46
100883,2023-09-16,Blinkit,Groceries,156.24,Debit Card,New Delhi,Expense,-153548.7
100884,16/09/2023,Spotify,Fun,149.97,Credit Card,Gurugram,Expense,-153698.67
100885,17-Sep-2023,Netflix,Entertainment,104.98,Net Banking,New Delhi,Expense,-153803.65
100886,2023-09-17,Campus Canteen,Food & Dining,241.87,Credit Card,Hyderabad,Expense,-154045.52
100887,17-Sep-2023,Delhi Metro,Transportation,46.91,Net Banking,Hyderabad,Expense,-154092.43
100888,17-Sep-2023,BigBasket,Groceries,888.3,Cash,Noida,Expense,-154980.73
100889,2023-09-17,BookMyShow,Entertainment,189.77,Cash,Hyderabad,Expense,-155170.5
100890,2023-09-18,Uber,Transportation,101.21,Debit Card,Noida,Expense,-155271.71
100891,18-Sep-2023,Gift Shop,Others,653.07,Cash,Noida,Expense,-155924.78
100892,18/09/2023,Rapido,Commute,114.7,Cash,Noida,Expense,-156039.48
100893,2023-09-19,Domino's,food & dining,195.04,Debit Card,Hyderabad,Expense,-156234.52
100894,19-Sep-2023,BigBasket,Groceries,891.38,Cash,Mumbai,Expense,-157125.9
100895,2023-09-19,Delhi Metro,Transport,210.85,Debit Card,Gurugram,Expense,-157336.75
100896,2023-09-19,Campus Canteen,Food & Dining,115.41,Credit Card,New Delhi,Expense,-157452.16
100897,19/09/2023,Hostel Laundry,utilities,799.44,Net Banking,Mumbai,Expense,-158251.6
100898,20/09/2023,Netflix,Entertainment,660.6,Credit Card,Online,Expense,-158912.2
100899,2023-09-20,Stationery,Others,547.57,Net Banking,New Delhi,Expense,-159459.77
100900,20/09/2023,Spotify,Entertainment,658.58,UPI,Hyderabad,Expense,-160118.35
100901,21/09/2023,Delhi Metro,Transportation,92.1,Debit Card,Hyderabad,Expense,-160210.45
100902,2023-09-21,McDonald's,Food & Dining,110.49,Debit Card,New Delhi,Expense,-160320.94
100903,22-Sep-2023,,Transportation,100.75,Net Banking,Hyderabad,Expense,-160421.69
100903,22/09/2023,,Transportation,100.75,Net Banking,Hyderabad,Expense,-160421.69
100904,2023-09-24,  Airtel ,  Bills ,669.52,UPI,  Hyderabad ,Expense,-161091.21
100905,24/09/2023,DELHI METRO,Transportation,111.75,UPI,Hyderabad,Expense,-161202.96
100906,24/09/2023,Gift Shop,misc,415.62,UPI,Online,Expense,-161618.58
100907,2023-09-24,Campus Canteen,Food & Dining,147.94,UPI,Noida,Expense,-161766.52
100908,24/09/2023,Burger King,Food & Dining,276.62,Net Banking,New Delhi,Expense,-162043.14
100909,25-Sep-2023,Ola,Transportation,78.54,UPI,Gurugram,Expense,-162121.68
100910,2023-09-25,STATIONERY,Miscellaneous,498.1,Cash,Online,Expense,-162619.78
100911,2023-09-25,Amazon,Shopping,1051.06,UPI,New Delhi,Expense,-163670.84
100912,2023-09-25,BSES,Bills,692.28,Debit Card,Gurugram,Expense,-164363.12
100913,25-Sep-2023,Swiggy,Food & Dining,187.19,UPI,Gurugram,Expense,-164550.31
100914,2023-09-26,Delhi Metro,Transportation,67.25,Cash,Gurugram,Expense,-164617.56
100915,26/09/2023,Burger King,food & dining,309.65,Debit Card,Noida,Expense,-164927.21
100916,27-Sep-2023,,Transportation,20.02,Debit Card,Gurugram,Expense,-164947.23
100916,27-Sep-2023,,Transport,20.02,Debit Card,Gurugram,Expense,-164947.23
100917,28-Sep-2023,Upwork Client,Freelance,10220.7,Net Banking,New Delhi,Income,-154726.53
100918,28/09/2023,Campus Canteen,Food & Dining,173.77,,Online,Expense,-154900.3
100919,2023-09-28,Delhi Metro,Transportation,50.93,Cash,Gurugram,Expense,-154951.23
100920,28/09/2023,Airtel,Bills,728.8,UPI,Noida,Expense,-155680.03
100921,2023-09-28,Domino's,Food & Dining,259.16,Cash,Online,Expense,-155939.19
100922,2023-10-01,IIT Delhi,Salary/Stipend,13004.16,Net Banking,New Delhi,Income,-142935.03
100923,02-Oct-2023,Parents,Family Support,36693.94,Net Banking,Hyderabad,Income,-106241.09
100924,02-Oct-2023,BSES,Bills,749.33,Credit Card,Hyderabad,Expense,-106990.42
100925,02/10/2023,Flipkart,Shopping,-714.8,Debit Card,New Delhi,Expense,-107705.22
100926,02-Oct-2023,BSES,Bills,829.88,Credit Card,New Delhi,Expense,-108535.1
100927,2023-10-02,McDonald's,Food & Dining,132.18,UPI,Gurugram,Expense,-108667.28
100928,2023-10-02,Zomato,Food & Dining,203.36,Net Banking,Hyderabad,Expense,-108870.64
100929,03-Oct-2023,Burger King,Food & Dining,298.99,Cash,Hyderabad,Expense,-109169.63
100930,03/10/2023,Spotify,Entertainment,502.68,Cash,Gurugram,Expense,-109672.31
100931,2023-10-03,Uber,Transport,232.55,Cash,Online,Expense,-109904.86
100932,2023-10-03,DMart,Groceries,634.58,,Hyderabad,Expense,-110539.44
100933,04-Oct-2023,Hostel Fee,Rent,4634.22,UPI,New Delhi,Expense,-115173.66
100934,2023-10-04,Uber,Commute,94.07,UPI,Noida,Expense,-115267.73
100935,04/10/2023,McDonald's,Food & Dining,88.44,Credit Card,New Delhi,Expense,-115356.17
100936,05-Oct-2023,Printing Shop,Miscellaneous,624.3,Debit Card,Gurugram,Expense,-115980.47
100937,05-Oct-2023,Reliance Fresh,Groceries,305.07,Credit Card,Gurugram,Expense,-116285.54
100938,2023-10-05,Gift Shop,Miscellaneous,723.98,Credit Card,Mumbai,Expense,-117009.52
100939,05-Oct-2023,Tata 1mg,Health,1283.39,Cash,Gurugram,Expense,-118292.91
100940,07-Oct-2023,Printing Shop,Miscellaneous,59.81,Cash,New Delhi,Expense,-118352.72
100941,2023-10-07,Burger King,Food & Dining,184.04,Credit Card,Hyderabad,Expense,-118536.76
100942,07-Oct-2023,Ola,Transportation,190.2,Net Banking,Hyderabad,Expense,-118726.96
100943,08/10/2023,Hostel Fee,Rent,5286.37,Debit Card,Online,Expense,-124013.33
100944,08/10/2023,Gift Shop,Miscellaneous,700.08,Cash,New Delhi,Expense,-124713.41
100945,2023-10-09,Burger King,Food & Dining,159.83,Debit Card,Online,Expense,-124873.24
100946,2023-10-09,  BigBasket ,  Groceries ,267.08,Net Banking,  Noida ,Expense,-125140.32
100947,2023-10-09,Netflix,Entertainment,483.71,Cash,Hyderabad,Expense,-125624.03
100948,10-Oct-2023,Swiggy,Food,116.47,Debit Card,Noida,Expense,-125740.5
100949,2023-10-10,Rapido,Transportation,204.98,Cash,New Delhi,Expense,-125945.48
100950,2023-10-10,Burger King,FOOD,121.24,Debit Card,Online,Expense,-126066.72
100951,11/10/2023,DMart,Groceries,664.46,UPI,Gurugram,Expense,-126731.18
100952,2023-10-11,Netflix,Entertainment,203.61,Cash,Hyderabad,Expense,-126934.79
100953,11-Oct-2023,Apollo Pharmacy,Health,1659.09,Net Banking,Hyderabad,Expense,-128593.88
100954,2023-10-11,Groww,Investment,795.97,UPI,Gurugram,Expense,-129389.85
100955,12/10/2023,Blinkit,Groceries,629.19,Debit Card,Mumbai,Expense,-130019.04
100956,12-Oct-2023,Hostel Fee,Rent,5164.52,Net Banking,Gurugram,Expense,-135183.56
100957,2023-10-12,Uber,Transportation,63.81,Debit Card,Noida,Expense,-135247.37
100958,2023-10-12,  Delhi Metro ,  Transport ,56.11,Debit Card,  Mumbai ,Expense,-135303.48
100959,13-Oct-2023,PVR Cinemas,Entertainment,114.95,Credit Card,Gurugram,Expense,-135418.43
100960,2023-10-13,Campus Canteen,Food & Dining,252.27,Credit Card,New Delhi,Expense,-135670.7
100961,13-Oct-2023,Campus Canteen,Food & Dining,253.27,Cash,Hyderabad,Expense,-135923.97
100962,13-Oct-2023,Printing Shop,Others,56.25,Debit Card,Mumbai,Expense,-135980.22
100963,2023-10-13,Campus Canteen,Food,172.28,Credit Card,New Delhi,Expense,-136152.5
100964,2023-10-14,LeetCode,Education,-1210.89,Cash,Mumbai,Expense,-137363.39
100965,15-Oct-2023,LeetCode,Education,1367.66,Net Banking,Mumbai,Expense,-138731.05
100966,15/10/2023,Chaayos,Food & Dining,337.77,Net Banking,Online,Expense,-139068.82
100967,15-Oct-2023,Zerodha,Investment,974.63,Debit Card,Gurugram,Expense,-140043.45
100968,17-Oct-2023,Swiggy,Food & Dining,246.57,UPI,Gurugram,Expense,-140290.02
100969,17/10/2023,Swiggy,Food,138.29,UPI,Mumbai,Expense,-140428.31
100970,17/10/2023,PVR Cinemas,Entertainment,484.98,Credit Card,Hyderabad,Expense,-140913.29
100971,17-Oct-2023,Blinkit,Groceries,289.81,Net Banking,Mumbai,Expense,-141203.1
100972,17-Oct-2023,Domino's,FOOD,146.8,Debit Card,Online,Expense,-141349.9
100973,17/10/2023,Delhi Metro,Transportation,249.08,UPI,Mumbai,Expense,-141598.98
100974,18/10/2023,,Groceries,575.03,Debit Card,Mumbai,Expense,-142174.01
100975,18-Oct-2023,Ola,Transportation,29.47,Debit Card,Hyderabad,Expense,-142203.48
100976,2023-10-18,Practo,Health,1072.29,UPI,Hyderabad,Expense,-143275.77
100977,18-Oct-2023,Rapido,transportation,189.09,Net Banking,Mumbai,Expense,-143464.86
100978,19/10/2023,Reliance Fresh,Groceries,578.0,UPI,New Delhi,Expense,-144042.86
100979,19-Oct-2023,Rapido,Transportation,188.08,UPI,New Delhi,Expense,-144230.94
100980,19/10/2023,Zomato,Food & Dining,186.74,Net Banking,,Expense,-144417.68
100981,19/10/2023,Reliance Fresh,Groceries,284.16,Cash,New Delhi,Expense,-144701.84
100982,20-Oct-2023,Reliance Fresh,Groceries,800.75,UPI,Hyderabad,Expense,-145502.59
100983,20/10/2023,Jio,utilities,500.48,Debit Card,Mumbai,Expense,-146003.07
100984,20/10/2023,Spotify,Entertainment,484.16,UPI,Online,Expense,-146487.23
100985,2023-10-20,Delhi Metro,Transportation,201.51,UPI,Online,Expense,-146688.74
100986,20/10/2023,Jio,Bills,773.6,Credit Card,Mumbai,Expense,-147462.34
100987,20-Oct-2023,DMart,Groceries,466.85,Net Banking,Noida,Expense,-147929.19
100988,21/10/2023,Myntra,Shopping,1784.67,Net Banking,Noida,Expense,-149713.86
100989,2023-10-21,Amazon,shopping,1310.99,Cash,New Delhi,Expense,-151024.85
100990,2023-10-21,Ajio,shopping,1940.09,Cash,Online,Expense,-152964.94
100991,22/10/2023,Printing Shop,misc,164.9,Cash,Online,Expense,-153129.84
100992,22-Oct-2023,Tata 1mg,Health,496.93,Credit Card,Mumbai,Expense,-153626.77
100993,22-Oct-2023,Printing Shop,Miscellaneous,440.54,Credit Card,Online,Expense,-154067.31
100994,2023-10-22,Groww,Investment,1056.39,Credit Card,New Delhi,Expense,-155123.7
100995,23/10/2023,Hostel Laundry,Bills,841.94,UPI,Noida,Expense,-155965.64
100996,23/10/2023,DMart,Groceries,824.27,Net Banking,Mumbai,Expense,-156789.91
100997,2023-10-23,Air India,Travel,-6528.86,Cash,Hyderabad,Expense,-163318.77
100998,23/10/2023,Chaayos,Food & Dining,266.76,Credit Card,Mumbai,Expense,-163585.53
100999,24-Oct-2023,Hostel Laundry,Utility Bills,296.79,UPI,Mumbai,Expense,-163882.32
101000,2023-10-24,DMart,Groceries,447.82,Debit Card,Hyderabad,Expense,-164330.14
101001,24/10/2023,Tata 1mg,Health,1348.25,Cash,Noida,Expense,-165678.39
101002,24/10/2023,Tata 1mg,Health,1620.02,Credit Card,Noida,Expense,-167298.41
101003,2023-10-24,BSES,Bills,1006.76,  Cash ,Hyderabad,Expense,-168305.17
101004,2023-10-25,BigBasket,Groceries,310.45,Debit Card,Online,Expense,-168615.62
101005,25/10/2023,Chaayos,FOOD,165.02,Debit Card,Hyderabad,Expense,-168780.64
101006,25/10/2023,Ola,Transportation,180.51,Cash,Hyderabad,Expense,-168961.15
101007,25-Oct-2023,Burger King,Food & Dining,129.88,Net Banking,Gurugram,Expense,-169091.03
101008,25-Oct-2023,McDonald's,Food & Dining,101.46,Credit Card,Hyderabad,Expense,-169192.49
101009,2023-10-26,Airtel,Bills,871.46,Credit Card,Online,Expense,-170063.95
101010,26/10/2023,Campus Canteen,Food & Dining,345.05,Debit Card,Online,Expense,-170409.0
101011,2023-10-26,IndiGo,Travel,9116.81,  Cash ,New Delhi,Expense,-179525.81
101012,27-Oct-2023,McDonald's,Food & Dining,341.13,Credit Card,Hyderabad,Expense,-179866.94
101013,27/10/2023,Tata 1mg,Health,668.46,Cash,New Delhi,Expense,-180535.4
101014,2023-10-27,Swiggy,Food & Dining,184.54,Net Banking,Gurugram,Expense,-180719.94
101015,28/10/2023,SBI Savings,Interest,40.16,Net Banking,Hyderabad,Income,-180679.78
101016,28/10/2023,Myntra,Shopping,2349.41,Cash,Noida,Expense,-183029.19
101017,01/11/2023,IIT Delhi,Salary/Stipend,16399.57,Net Banking,New Delhi,Income,-166629.62
101018,01/11/2023,Burger King,Food & Dining,153.88,Net Banking,Hyderabad,Expense,-166783.5
101019,01-Nov-2023,  Zomato ,  Food & Dining ,156.2,Cash,  Mumbai ,Expense,-166939.7
101020,01/11/2023,Gate Academy,Education,1477.07,Cash,Hyderabad,Expense,-168416.77
101021,02/11/2023,Parents,Family Support,27283.3,Net Banking,Hyderabad,Income,-141133.47
101022,02/11/2023,Netflix,Entertainment,352.13,Debit Card,Gurugram,Expense,-141485.6
101023,02/11/2023,Hostel Fee,Rent,4807.78,Cash,Mumbai,Expense,-146293.38
101024,02/11/2023,Swiggy,Food & Dining,323.89,Cash,New Delhi,Expense,-146617.27
101025,02/11/2023,Uber,transportation,168.35,Credit Card,Noida,Expense,-146785.62
101026,02/11/2023,,Food & Dining,323.29,Net Banking,Gurugram,Expense,-147108.91
101026,02/11/2023,,Food & Dining,323.29,Net Banking,Gurugram,Expense,-147108.91
101027,03-Nov-2023,Rapido,Transportation,107.16,Net Banking,New Delhi,Expense,-147216.07
101028,03/11/2023,Gift Shop,misc,521.73,Net Banking,Mumbai,Expense,-147737.8
101029,2023-11-03,BookMyShow,Entertainment,666.51,Net Banking,Noida,Expense,-148404.31
101030,03-Nov-2023,Zomato,Dining,320.28,Cash,Mumbai,Expense,-148724.59
101031,03-Nov-2023,PVR Cinemas,Entertainment,772.29,Net Banking,New Delhi,Expense,-149496.88
101032,2023-11-04,Hostel Fee,Rent,5794.01,UPI,New Delhi,Expense,-155290.89
101033,2023-11-04,BigBasket,Groceries,199.02,Cash,Online,Expense,-155489.91
101034,2023-11-04,Delhi Metro,Transportation,184.28,Net Banking,Mumbai,Expense,-155674.19
101035,04-Nov-2023,NPS,Investment,674.02,Net Banking,Online,Expense,-156348.21
101036,2023-11-05,Chaayos,Food & Dining,174.24,UPI,Mumbai,Expense,-156522.45
101037,05-Nov-2023,Hostel Fee,Rent,5030.78,Net Banking,Mumbai,Expense,-161553.23
101038,05-Nov-2023,,Rent,5505.1,UPI,Mumbai,Expense,-167058.33
101038,2023-11-05,,Rent,5505.1,UPI,Mumbai,Expense,-167058.33
101039,06-Nov-2023,Jio,Bills,641.75,Debit Card,Noida,Expense,-167700.08
101040,06-Nov-2023,McDonald's,Dining,145.8,Cash,New Delhi,Expense,-167845.88
101041,06-Nov-2023,Rapido,Transport,68.58,Credit Card,Noida,Expense,-167914.46
101042,06/11/2023,  nan ,  Bills ,568.27,Net Banking,  Online ,Expense,-168482.73
101043,06/11/2023,Burger King,Food & Dining,207.75,UPI,Mumbai,Expense,-168690.48
101044,07-Nov-2023,Airtel,Bills,1002.13,Credit Card,Noida,Expense,-169692.61
101045,07/11/2023,Uber,Transportation,68.26,UPI,Hyderabad,Expense,-169760.87
101046,07/11/2023,PVR Cinemas,entertainment,547.2,Credit Card,Noida,Expense,-170308.07
101047,08-Nov-2023,BURGER KING,Food & Dining,242.03,Debit Card,Hyderabad,Expense,-170550.1
101048,08/11/2023,Spotify,Entertainment,481.17,UPI,Mumbai,Expense,-171031.27
101049,2023-11-10,Amazon,Shopping,901.86,Debit Card,Online,Expense,-171933.13
101050,11/11/2023,Airtel,Bills,763.61,UPI,New Delhi,Expense,-172696.74
101051,2023-11-11,Delhi Metro,Transportation,160.03,Net Banking,Hyderabad,Expense,-172856.77
101052,11/11/2023,Uber,Transportation,136.54,UPI,Mumbai,Expense,-172993.31
101053,2023-11-11,Chaayos,Food & Dining,327.66,Debit Card,Online,Expense,-173320.97
101054,11-Nov-2023,Domino's,Food & Dining,264.01,Net Banking,Mumbai,Expense,-173584.98
101055,11/11/2023,,Education,1562.72,Debit Card,Gurugram,Expense,-175147.7
101055,11-Nov-2023,,Education,1562.72,Debit Card,Gurugram,Expense,-175147.7
101056,12-Nov-2023,,SHOPPING,1418.09,Net Banking,New Delhi,Expense,-176565.79
101056,12/11/2023,,Shopping,1418.09,Net Banking,New Delhi,Expense,-176565.79
101057,12/11/2023,Blinkit,Groceries,782.5,Credit Card,Gurugram,Expense,-177348.29
101058,12-Nov-2023,RELIANCE FRESH,Groceries,487.53,Credit Card,Online,Expense,-177835.82
101059,12/11/2023,Uber,Transportation,-145.62,UPI,Hyderabad,Expense,-177981.44
101060,2023-11-13,Myntra Refund,Refund,424.68,UPI,Hyderabad,Income,-177556.76
101061,2023-11-13,Ola,Transportation,27.17,Net Banking,Hyderabad,Expense,-177583.93
101062,2023-11-13,Burger King,Food & Dining,223.44,Net Banking,Online,Expense,-177807.37
101063,13/11/2023,Chaayos,Food & Dining,346.33,Credit Card,Gurugram,Expense,-178153.7
101064,14-Nov-2023,Myntra,shopping,3087.92,Debit Card,Hyderabad,Expense,-181241.62
101065,2023-11-14,Delhi Metro,Transportation,236.97,  UPI ,Hyderabad,Expense,-181478.59
101066,14-Nov-2023,Chaayos,Dining,253.41,Cash,Mumbai,Expense,-181732.0
101067,15/11/2023,Netflix,Entertainment,739.35,,Hyderabad,Expense,-182471.35
101068,15-Nov-2023,McDonald's,Food & Dining,161.57,Net Banking,Online,Expense,-182632.92
101069,16/11/2023,McDonald's,Food & Dining,238.99,Cash,Online,Expense,-182871.91
101070,2023-11-16,Zomato,FOOD,191.74,Debit Card,Online,Expense,-183063.65
101071,16/11/2023,,Food & Dining,171.83,Net Banking,Gurugram,Expense,-183235.48
101072,2023-11-16,Apollo Pharmacy,Health,1076.12,Net Banking,Hyderabad,Expense,-184311.6
101073,16-Nov-2023,Campus Canteen,Food & Dining,274.76,Cash,Noida,Expense,-184586.36
101074,2023-11-17,Amazon,Shopping,1350.9,Debit Card,New Delhi,Expense,-185937.26
101075,18/11/2023,DMart,Groceries,658.65,Credit Card,Hyderabad,Expense,-186595.91
101076,18-Nov-2023,Domino's,Food & Dining,226.48,Debit Card,Noida,Expense,-186822.39
101077,18-Nov-2023,Rapido,Transportation,225.22,UPI,Noida,Expense,-187047.61
101078,2023-11-19,Uber,Transportation,111.09,Credit Card,Noida,Expense,-187158.7
101079,19/11/2023,Groww,Investment,2510.01,Credit Card,New Delhi,Expense,-189668.71
101080,19-Nov-2023,Rapido,Transportation,207.2,Cash,Hyderabad,Expense,-189875.91
101081,19-Nov-2023,Blinkit,Groceries,426.43,UPI,Noida,Expense,-190302.34
101082,20-Nov-2023,Myntra,Shopping,2694.89,Credit Card,Mumbai,Expense,-192997.23
101083,2023-11-20,Zerodha,Investment,859.3,Debit Card,Online,Expense,-193856.53
101084,20-Nov-2023,Delhi Metro,Commute,-28.13,Net Banking,Gurugram,Expense,-193884.66
101085,20/11/2023,Hostel Fee,Rent,5713.34,Debit Card,Online,Expense,-199598.0
101086,21-Nov-2023,Spotify,Fun,412.38,UPI,Noida,Expense,-200010.38
101087,2023-11-21,Chaayos,Food & Dining,86.48,UPI,Mumbai,Expense,-200096.86
101088,21-Nov-2023,,Shopping,1019.3,Debit Card,New Delhi,Expense,-201116.16
101088,2023-11-21,,Shopping,1019.3,Debit Card,New Delhi,Expense,-201116.16
101089,21/11/2023,Hostel Laundry,Bills,629.65,Net Banking,Gurugram,Expense,-201745.81
101090,21/11/2023,Coursera,Education,2287.16,Credit Card,Mumbai,Expense,-204032.97
101091,22-Nov-2023,NAN,Transport,61.0,Net Banking,Mumbai,Expense,-204093.97
101091,22/11/2023,,Transportation,61.0,Net Banking,Mumbai,Expense,-204093.97
101092,2023-11-22,Rapido,Transportation,97.73,Cash,New Delhi,Expense,-204191.7
101093,23-Nov-2023,Myntra,Shopping,864.92,Debit Card,Mumbai,Expense,-205056.62
101094,2023-11-23,Delhi Metro,Commute,50.95,Debit Card,Hyderabad,Expense,-205107.57
101095,23/11/2023,Burger King,FOOD,185.82,Net Banking,Mumbai,Expense,-205293.39
101096,23/11/2023,McDonald's,Food & Dining,296.63,UPI,Online,Expense,-205590.02
101097,23-Nov-2023,Hostel Laundry,Utility Bills,787.74,Cash,Online,Expense,-206377.76
101098,24-Nov-2023,DMart,Groceries,760.62,Net Banking,Gurugram,Expense,-207138.38
101099,25-Nov-2023,Zerodha,Investment,508.83,UPI,Online,Expense,-207647.21
101100,25-Nov-2023,LeetCode,Education,526.83,UPI,Hyderabad,Expense,-208174.04
101101,25-Nov-2023,Rapido,Transportation,142.42,UPI,Gurugram,Expense,-208316.46
101102,2023-11-25,Rapido,Transportation,168.22,Cash,Noida,Expense,-208484.68
101103,26-Nov-2023,HDFC Bank,Interest,359.49,Net Banking,New Delhi,Income,-208125.19
101104,2023-11-26,DMart,Groceries,523.98,Net Banking,Online,Expense,-208649.17
101105,2023-11-26,Printing Shop,Miscellaneous,496.23,Credit Card,Online,Expense,-209145.4
101106,2023-11-26,Gift Shop,Miscellaneous,649.65,UPI,Noida,Expense,-209795.05
101107,2023-11-27,Blinkit,Groceries,566.32,Credit Card,Gurugram,Expense,-210361.37
101108,2023-11-28,Delhi Metro,Transportation,156.89,Debit Card,Mumbai,Expense,-210518.26
101109,2023-11-28,Netflix,Entertainment,200.31,Net Banking,Mumbai,Expense,-210718.57
101110,28/11/2023,Jio,Bills,735.73,Net Banking,Gurugram,Expense,-211454.3
101111,2023-11-28,PVR Cinemas,Entertainment,468.49,Cash,Hyderabad,Expense,-211922.79
101112,28/11/2023,Chaayos,Food & Dining,216.51,Debit Card,Gurugram,Expense,-212139.3
101113,01/12/2023,,Salary/Stipend,12795.23,Net Banking,New Delhi,Income,-199344.07
101113,01/12/2023,,Salary/Stipend,12795.23,Net Banking,New Delhi,Income,-199344.07
101114,2023-12-01,Swiggy,Food & Dining,211.48,Credit Card,New Delhi,Expense,-199555.55
101115,01-Dec-2023,Blinkit,Groceries,497.07,Credit Card,,Expense,-200052.62
101116,2023-12-01,Campus Canteen,Food & Dining,230.79,Cash,Noida,Expense,-200283.41
101117,2023-12-01,Airtel,utilities,874.29,Cash,Mumbai,Expense,-201157.7
101118,02/12/2023,Parents,Family Support,30504.34,Net Banking,Hyderabad,Income,-170653.36
101119,2023-12-02,Uber,Commute,141.96,Net Banking,Mumbai,Expense,-170795.32
101120,02/12/2023,Burger King,Food & Dining,247.24,Credit Card,Hyderabad,Expense,-171042.56
101121,02-Dec-2023,BookMyShow,Entertainment,294.1,Cash,Gurugram,Expense,-171336.66
101122,02/12/2023,Delhi Metro,Transportation,127.03,Debit Card,Noida,Expense,-171463.69
101123,02-Dec-2023,DMart,Groceries,467.2,Debit Card,Gurugram,Expense,-171930.89
101124,03/12/2023,Printing Shop,Miscellaneous,509.04,Debit Card,Gurugram,Expense,-172439.93
101125,04/12/2023,Hostel Fee,Rent,5976.11,UPI,New Delhi,Expense,-178416.04
101126,04/12/2023,Airtel,Bills,878.88,Net Banking,Noida,Expense,-179294.92
101127,05-Dec-2023,Tata 1mg,Health,162.69,UPI,Online,Expense,-179457.61
101128,2023-12-05,IndiGo,Travel,8128.19,UPI,Hyderabad,Expense,-187585.8
101129,05/12/2023,OYO,Travel,8576.83,Credit Card,Gurugram,Expense,-196162.63
101130,06/12/2023,Spotify,Entertainment,747.4,UPI,Online,Expense,-196910.03
101131,2023-12-07,Burger King,Food & Dining,344.44,Cash,Noida,Expense,-197254.47
101132,07-Dec-2023,Uber,Transportation,148.27,Net Banking,New Delhi,Expense,-197402.74
101133,2023-12-07,Stationery,Miscellaneous,257.32,Credit Card,Mumbai,Expense,-197660.06
101134,2023-12-08,Campus Project,Freelance,4003.94,Net Banking,Hyderabad,Income,-193656.12
101135,2023-12-08,Udemy,Education,1660.42,UPI,Noida,Expense,-195316.54
101136,08/12/2023,DMart,Groceries,749.38,Credit Card,Online,Expense,-196065.92
101137,2023-12-08,Blinkit,Groceries,203.14,Net Banking,Hyderabad,Expense,-196269.06
101138,08-Dec-2023,Domino's,Food & Dining,281.15,Debit Card,Gurugram,Expense,-196550.21
101139,09-Dec-2023,Chaayos,Food & Dining,234.26,Cash,New Delhi,Expense,-196784.47
101140,09/12/2023,Zomato,Food & Dining,97.07,Cash,Noida,Expense,-196881.54
101141,2023-12-09,Burger King,Food,118.63,Cash,Online,Expense,-197000.17
101142,10-Dec-2023,McDonald's,Food & Dining,187.66,Net Banking,Noida,Expense,-197187.83
101143,10-Dec-2023,McDonald's,food & dining,225.95,Net Banking,Online,Expense,-197413.78
101144,10-Dec-2023,Gift Shop,Miscellaneous,495.3,Cash,Mumbai,Expense,-197909.08
101145,11/12/2023,Printing Shop,Miscellaneous,794.91,UPI,Mumbai,Expense,-198703.99
101146,11-Dec-2023,Rapido,Commute,54.87,Net Banking,New Delhi,Expense,-198758.86
101147,11/12/2023,Groww,Investment,541.05,Debit Card,Mumbai,Expense,-199299.91
101148,12-Dec-2023,BigBasket,Groceries,851.28,Debit Card,Online,Expense,-200151.19
101149,2023-12-12,Tata 1mg,Health,191.85,Credit Card,Online,Expense,-200343.04
101150,2023-12-13,Campus Canteen,Food & Dining,229.71,Credit Card,Gurugram,Expense,-200572.75
101151,14-Dec-2023,Swiggy,Food & Dining,98.35,Net Banking,New Delhi,Expense,-200671.1
101152,2023-12-14,Zomato,Food & Dining,205.69,Debit Card,Noida,Expense,-200876.79
101153,14/12/2023,Delhi Metro,transportation,27.52,Net Banking,Hyderabad,Expense,-200904.31
101154,2023-12-15,Stationery,Miscellaneous,465.06,Net Banking,New Delhi,Expense,-201369.37
101155,2023-12-15,Zomato,food & dining,330.53,Cash,Gurugram,Expense,-201699.9
101156,2023-12-15,Printing Shop,Miscellaneous,171.35,Net Banking,New Delhi,Expense,-201871.25
101157,16/12/2023,Delhi Metro,Transport,182.29,Credit Card,Hyderabad,Expense,-202053.54
101158,16/12/2023,Blinkit,Groceries,854.93,Cash,Online,Expense,-202908.47
101159,16/12/2023,Flipkart,Shopping,2300.84,Credit Card,Mumbai,Expense,-205209.31
101160,16/12/2023,Uber,Transportation,30.17,Cash,Hyderabad,Expense,-205239.48
101161,2023-12-16,Campus Canteen,Food & Dining,110.66,Net Banking,Mumbai,Expense,-205350.14
101162,2023-12-18,Hostel Laundry,utilities,219.27,Credit Card,Hyderabad,Expense,-205569.41
101163,18-Dec-2023,Groww,Investment,2675.5,Net Banking,Noida,Expense,-208244.91
101164,18-Dec-2023,Jio,Bills,1049.0,Cash,Mumbai,Expense,-209293.91
101165,18/12/2023,Jio,Bills,875.36,Credit Card,Gurugram,Expense,-210169.27
101166,19/12/2023,Amazon Refund,Refund,443.54,UPI,New Delhi,Income,-209725.73
101167,19-Dec-2023,Spotify,Movies,614.02,Net Banking,Gurugram,Expense,-210339.75
101168,19-Dec-2023,Zomato,Food & Dining,274.33,Cash,Online,Expense,-210614.08
101169,2023-12-19,Gate Academy,Education,461.77,UPI,Online,Expense,-211075.85
101170,19/12/2023,Uber,Transportation,27.38,Debit Card,Noida,Expense,-211103.23
101171,2023-12-19,Ola,Transportation,153.28,Net Banking,New Delhi,Expense,-211256.51
101172,20/12/2023,,transportation,214.18,Debit Card,Gurugram,Expense,-211470.69
101172,2023-12-20,,Transportation,214.18,Debit Card,Gurugram,Expense,-211470.69
101173,21-Dec-2023,Zomato,Dining,198.85,Credit Card,Hyderabad,Expense,-211669.54
101174,21-Dec-2023,PVR Cinemas,Entertainment,341.55,UPI,New Delhi,Expense,-212011.09
101175,21/12/2023,Rapido,Transportation,42.6,Cash,Mumbai,Expense,-212053.69
101176,21/12/2023,Ola,Transportation,195.69,UPI,Mumbai,Expense,-212249.38
101177,2023-12-21,Coursera,Education,627.48,UPI,Mumbai,Expense,-212876.86
101178,21-Dec-2023,,Food & Dining,349.19,  Debit Card ,Hyderabad,Expense,-213226.05
101178,21/12/2023,,Food & Dining,349.19,Debit Card,Hyderabad,Expense,-213226.05
101179,2023-12-21,Printing Shop,Miscellaneous,722.35,Debit Card,Online,Expense,-213948.4
101180,2023-12-21,Burger King,Food & Dining,293.58,Cash,Noida,Expense,-214241.98
101181,2023-12-21,Domino's,food & dining,274.35,Debit Card,Noida,Expense,-214516.33
101182,21-Dec-2023,Swiggy,Food & Dining,159.86,  UPI ,Online,Expense,-214676.19
101183,22/12/2023,Swiggy,food & dining,159.53,Cash,Gurugram,Expense,-214835.72
101184,22-Dec-2023,PVR Cinemas,Entertainment,584.56,Debit Card,Noida,Expense,-215420.28
101185,22/12/2023,Delhi Metro,transportation,65.71,Credit Card,New Delhi,Expense,-215485.99
101186,2023-12-22,Airtel,Bills,327.86,Net Banking,Gurugram,Expense,-215813.85
101187,2023-12-22,PVR Cinemas,Entertainment,138.37,UPI,New Delhi,Expense,-215952.22
101188,23-Dec-2023,BSES,Bills,1103.87,UPI,New Delhi,Expense,-217056.09
101189,2023-12-23,Swiggy,Food & Dining,127.13,Net Banking,Noida,Expense,-217183.22
101190,23-Dec-2023,Uber,Transportation,206.23,Cash,Online,Expense,-217389.45
101191,24/12/2023,Gift Shop,Miscellaneous,313.64,Debit Card,Noida,Expense,-217703.09
101192,24/12/2023,Zomato,Food,250.85,Credit Card,New Delhi,Expense,-217953.94
101193,24-Dec-2023,  Rapido ,  Transportation ,212.26,Debit Card,  New Delhi ,Expense,-218166.2
101194,2023-12-24,Rapido,Transportation,42.55,Credit Card,Online,Expense,-218208.75
101195,25/12/2023,McDonald's,Food & Dining,246.54,UPI,New Delhi,Expense,-218455.29
101196,26-Dec-2023,Gate Academy,Education,326.1,Cash,Mumbai,Expense,-218781.39
101197,26/12/2023,Amazon,shopping,2007.11,Net Banking,Noida,Expense,-220788.5
101198,2023-12-26,Campus Canteen,Food & Dining,111.91,Net Banking,Online,Expense,-220900.41
101199,26-Dec-2023,Udemy,Education,1628.0,,Hyderabad,Expense,-222528.41
101200,27-Dec-2023,Hostel Laundry,Bills,1003.9,Cash,Online,Expense,-223532.31
101201,27/12/2023,Hostel Fee,Rent,4887.36,Credit Card,Online,Expense,-228419.67
101202,2023-12-27,Chaayos,Food & Dining,337.62,Cash,New Delhi,Expense,-228757.29
101203,27/12/2023,Ajio,Shopping,1015.14,Debit Card,Mumbai,Expense,-229772.43
101204,27/12/2023,Airtel,Bills,1095.13,Cash,Hyderabad,Expense,-230867.56
101205,2023-12-27,Chaayos,Food & Dining,239.58,UPI,New Delhi,Expense,-231107.14
101206,27-Dec-2023,DMart,Groceries,526.09,Cash,Mumbai,Expense,-231633.23
101207,28/12/2023,HDFC Bank,Interest,234.39,Net Banking,New Delhi,Income,-231398.84
101208,28-Dec-2023,Ajio,Shopping,444.57,Credit Card,Hyderabad,Expense,-231843.41
101209,2024-01-01,IIT Delhi,Salary/Stipend,15191.43,Net Banking,New Delhi,Income,-216651.98
101210,02/01/2024,Parents,Family Support,34039.57,Net Banking,Hyderabad,Income,-182612.41
101211,03/01/2024,Burger King,food & dining,154.85,Debit Card,Hyderabad,Expense,-182767.26
101212,2024-01-03,Ola,Transportation,166.96,Credit Card,New Delhi,Expense,-182934.22
101213,2024-01-03,McDonald's,Food & Dining,115.16,UPI,New Delhi,Expense,-183049.38
101214,03-Jan-2024,McDonald's,Food & Dining,94.27,UPI,Noida,Expense,-183143.65
101215,2024-01-04,Hostel Fee,Rent,4598.44,UPI,New Delhi,Expense,-187742.09
101216,04-Jan-2024,Printing Shop,Miscellaneous,566.26,Net Banking,Gurugram,Expense,-188308.35
101217,04/01/2024,Hostel Fee,Rent,5237.47,Cash,Hyderabad,Expense,-193545.82
101218,05/01/2024,McDonald's,Food & Dining,110.25,Credit Card,Noida,Expense,-193656.07
101219,05/01/2024,Stationery,Miscellaneous,616.43,Credit Card,Online,Expense,-194272.5
101220,05/01/2024,Apollo Pharmacy,Health,298.16,Cash,Gurugram,Expense,-194570.66
101221,05/01/2024,Gift Shop,Miscellaneous,113.75,Cash,Mumbai,Expense,-194684.41
101222,2024-01-05,Delhi Metro,Transportation,176.22,Net Banking,Hyderabad,Expense,-194860.63
101223,2024-01-05,  nan ,  Dining ,239.43,Debit Card,  Gurugram ,Expense,-195100.06
101223,05/01/2024,,Dining,239.43,Debit Card,Gurugram,Expense,-195100.06
101224,06-Jan-2024,Domino's,Dining,185.48,UPI,New Delhi,Expense,-195285.54
101225,06-Jan-2024,Burger King,Food & Dining,201.08,Debit Card,New Delhi,Expense,-195486.62
101226,06/01/2024,Gift Shop,Miscellaneous,265.77,Credit Card,New Delhi,Expense,-195752.39
101227,06-Jan-2024,Uber,Transportation,231.81,Credit Card,Noida,Expense,-195984.2
101228,2024-01-06,Printing Shop,misc,773.2,UPI,Mumbai,Expense,-196757.4
101229,06/01/2024,Airtel,Bills,211.89,Debit Card,Noida,Expense,-196969.29
101230,07-Jan-2024,Apollo Pharmacy,Health,449.18,Debit Card,New Delhi,Expense,-197418.47
101231,2024-01-08,Chaayos,Food & Dining,315.38,Net Banking,Mumbai,Expense,-197733.85
101232,2024-01-08,,Groceries,704.89,UPI,Noida,Expense,-198438.74
101232,2024-01-08,,Groceries,704.89,UPI,Noida,Expense,-198438.74
101233,09-Jan-2024,Blinkit,Groceries,477.05,UPI,Gurugram,Expense,-198915.79
101234,2024-01-09,Burger King,Food & Dining,308.38,Debit Card,Gurugram,Expense,-199224.17
101235,10-Jan-2024,Blinkit,Groceries,620.46,Net Banking,Noida,Expense,-199844.63
101236,10-Jan-2024,Reliance Fresh,Groceries,823.71,Debit Card,Noida,Expense,-200668.34
101237,2024-01-10,Printing Shop,Miscellaneous,405.43,Credit Card,Hyderabad,Expense,-201073.77
101238,10/01/2024,Hostel Laundry,Bills,258.0,Net Banking,Gurugram,Expense,-201331.77
101239,10/01/2024,Coursera,Education,395.22,UPI,New Delhi,Expense,-201726.99
101240,2024-01-10,DMart,Groceries,420.94,UPI,Gurugram,Expense,-202147.93
101241,10/01/2024,Burger King,Food & Dining,143.35,UPI,Mumbai,Expense,-202291.28
101242,11/01/2024,Burger King,Food & Dining,91.11,Credit Card,Online,Expense,-202382.39
101243,11/01/2024,Printing Shop,Miscellaneous,741.72,UPI,Mumbai,Expense,-203124.11
101244,2024-01-11,  BSES ,  Bills ,283.85,Debit Card,  Gurugram ,Expense,-203407.96
101245,11-Jan-2024,Zomato,Food & Dining,162.33,UPI,Hyderabad,Expense,-203570.29
101246,11-Jan-2024,Reliance Fresh,Groceries,723.68,Net Banking,Gurugram,Expense,-204293.97
101247,12/01/2024,McDonald's,Food & Dining,310.53,Debit Card,New Delhi,Expense,-204604.5
101248,13-Jan-2024,Uber,Transportation,156.84,Credit Card,Online,Expense,-204761.34
101249,13/01/2024,PVR Cinemas,Entertainment,660.69,Cash,Mumbai,Expense,-205422.03
101250,13/01/2024,Rapido,Transport,91.87,UPI,Hyderabad,Expense,-205513.9
101251,13/01/2024,Air India,Travel,3457.48,Net Banking,New Delhi,Expense,-208971.38
101252,14-Jan-2024,Gate Academy,Education,1931.36,Debit Card,Noida,Expense,-210902.74
101253,14/01/2024,Ajio,SHOPPING,2433.31,Credit Card,Hyderabad,Expense,-213336.05
101254,14/01/2024,Ola,Transportation,230.31,Net Banking,Online,Expense,-213566.36
101255,14-Jan-2024,Swiggy,Food & Dining,210.75,Credit Card,New Delhi,Expense,-213777.11
101256,14/01/2024,Delhi Metro,Transport,248.15,UPI,Mumbai,Expense,-214025.26
101257,2024-01-15,Delhi Metro,Transportation,213.4,UPI,Gurugram,Expense,-214238.66
101258,15/01/2024,Uber,Commute,100.81,Credit Card,Mumbai,Expense,-214339.47
101259,15-Jan-2024,Netflix,Entertainment,320.0,Net Banking,Noida,Expense,-214659.47
101260,15/01/2024,BigBasket,Groceries,438.59,Cash,Noida,Expense,-215098.06
101261,15-Jan-2024,LeetCode,Education,562.1,Cash,Online,Expense,-215660.16
101262,2024-01-16,Apollo Pharmacy,Health,787.76,  Cash ,Gurugram,Expense,-216447.92
101263,16/01/2024,BSES,Bills,544.89,Credit Card,Online,Expense,-216992.81
101264,16/01/2024,Zomato,Food & Dining,147.69,Credit Card,New Delhi,Expense,-217140.5
101265,16/01/2024,Burger King,Food & Dining,258.77,Debit Card,Hyderabad,Expense,-217399.27
101266,2024-01-16,  Uber ,  Transportation ,120.28,Net Banking,  Noida ,Expense,-217519.55
101267,17/01/2024,Myntra,Shopping,279.02,Debit Card,Online,Expense,-217798.57
101268,17-Jan-2024,Chaayos,FOOD,137.78,Cash,Gurugram,Expense,-217936.35
101269,2024-01-17,IndiGo,Travel,3795.87,Cash,New Delhi,Expense,-221732.22
101270,17-Jan-2024,DMart,Groceries,790.76,Cash,Gurugram,Expense,-222522.98
101271,17/01/2024,Rapido,Commute,150.28,,Noida,Expense,-222673.26
101272,18-Jan-2024,Gift Shop,misc,447.62,Cash,Gurugram,Expense,-223120.88
101273,2024-01-18,Uber,Transportation,62.43,Debit Card,Gurugram,Expense,-223183.31
101274,2024-01-18,,Food & Dining,341.94,Debit Card,Mumbai,Expense,-223525.25
101274,2024-01-18,,Food & Dining,341.94,Debit Card,Mumbai,Expense,-223525.25
101275,2024-01-18,Uber,Transportation,217.72,UPI,Online,Expense,-223742.97
101276,2024-01-18,BigBasket,Groceries,174.64,Credit Card,Online,Expense,-223917.61
101277,2024-01-19,Burger King,Food & Dining,253.15,Credit Card,Gurugram,Expense,-224170.76
101278,2024-01-19,Swiggy,Food & Dining,258.14,Cash,New Delhi,Expense,-224428.9
101279,19-Jan-2024,,Bills,209.02,Net Banking,Noida,Expense,-224637.92
101279,2024-01-19,,Bills,-209.02,Net Banking,Noida,Expense,-224637.92
101280,19/01/2024,Rapido,Transportation,30.93,Credit Card,Hyderabad,Expense,-224668.85
101281,2024-01-20,Ola,Transportation,239.93,Net Banking,Gurugram,Expense,-224908.78
101282,2024-01-20,Uber,Transportation,132.81,Debit Card,Online,Expense,-225041.59
101283,20-Jan-2024,BigBasket,Groceries,878.15,Debit Card,Gurugram,Expense,-225919.74
101284,2024-01-21,Delhi Metro,Transportation,153.1,Cash,Hyderabad,Expense,-226072.84
101285,2024-01-21,Domino's,Dining,177.51,UPI,Gurugram,Expense,-226250.35
101286,2024-01-22,DMart,Groceries,180.06,Debit Card,New Delhi,Expense,-226430.41
101287,2024-01-22,Stationery,Miscellaneous,188.84,Credit Card,Gurugram,Expense,-226619.25
101288,22-Jan-2024,LeetCode,Education,2065.36,Credit Card,New Delhi,Expense,-228684.61
101289,2024-01-22,Printing Shop,Others,545.06,Net Banking,Online,Expense,-229229.67
101290,22-Jan-2024,Flipkart,Shopping,475.13,Debit Card,Online,Expense,-229704.8
101291,23/01/2024,Campus Canteen,Food & Dining,127.35,Credit Card,Noida,Expense,-229832.15
101292,23-Jan-2024,Zomato,Food & Dining,166.31,Debit Card,Noida,Expense,-229998.46
101293,2024-01-23,PVR Cinemas,Entertainment,339.43,UPI,Mumbai,Expense,-230337.89
101294,2024-01-23,Printing Shop,Miscellaneous,258.89,Net Banking,Gurugram,Expense,-230596.78
101295,23-Jan-2024,Gate Academy,Education,886.56,Net Banking,New Delhi,Expense,-231483.34
101296,24-Jan-2024,DMart,Groceries,465.1,Debit Card,Noida,Expense,-231948.44
101297,24/01/2024,Burger King,FOOD,215.17,Credit Card,Hyderabad,Expense,-232163.61
101298,25-Jan-2024,DMart,Groceries,878.04,Credit Card,Gurugram,Expense,-233041.65
101299,25/01/2024,McDonald's,Food & Dining,339.23,UPI,New Delhi,Expense,-233380.88
101300,25-Jan-2024,Burger King,Food & Dining,100.66,Cash,Online,Expense,-233481.54
101301,2024-01-25,Myntra,Shopping,1563.93,Cash,New Delhi,Expense,-235045.47
101302,26-Jan-2024,DMart,Groceries,773.68,Cash,Online,Expense,-235819.15
101303,2024-01-27,Delhi Metro,Transportation,132.83,Net Banking,Gurugram,Expense,-235951.98
101304,2024-01-27,Rapido,Transportation,239.89,UPI,Mumbai,Expense,-236191.87
101305,27-Jan-2024,Rapido,Transportation,103.39,Net Banking,Hyderabad,Expense,-236295.26
101306,2024-01-28,McDonald's,FOOD,102.57,UPI,Hyderabad,Expense,-236397.83
101307,2024-01-28,BigBasket,Groceries,581.45,Credit Card,Hyderabad,Expense,-236979.28
101308,28-Jan-2024,Flipkart,Shopping,750.31,Credit Card,Gurugram,Expense,-237729.59
101309,2024-01-28,Blinkit,Groceries,367.94,  Credit Card ,New Delhi,Expense,-238097.53
101310,2024-01-28,Rapido,Commute,126.01,Net Banking,Hyderabad,Expense,-238223.54
101311,2024-01-28,Netflix,Entertainment,164.37,Net Banking,Gurugram,Expense,-238387.91
101312,01-Feb-2024,IIT Delhi,Salary/Stipend,14083.9,Net Banking,New Delhi,Income,-224304.01
101313,2024-02-01,JIO,Bills,741.9,Cash,New Delhi,Expense,-225045.91
101314,2024-02-01,Domino's,Food & Dining,92.7,Debit Card,Gurugram,Expense,-225138.61
101315,02/02/2024,Parents,Family Support,38030.74,Net Banking,Hyderabad,Income,-187107.87
101316,02-Feb-2024,Flipkart,Shopping,1740.0,Debit Card,Hyderabad,Expense,-188847.87
101317,2024-02-02,McDonald's,Food & Dining,142.06,Debit Card,Noida,Expense,-188989.93
101318,2024-02-02,DMart,Groceries,371.61,UPI,Hyderabad,Expense,-189361.54
101319,2024-02-02,BigBasket,Groceries,775.38,UPI,New Delhi,Expense,-190136.92
101320,02-Feb-2024,BookMyShow,Fun,799.32,,Online,Expense,-190936.24
101321,2024-02-03,Ola,Transportation,210.95,Cash,Gurugram,Expense,-191147.19
101322,03/02/2024,GATE ACADEMY,Education,1777.68,Credit Card,Noida,Expense,-192924.87
101323,03/02/2024,Flipkart,shopping,528.22,Debit Card,Noida,Expense,-193453.09
101324,03-Feb-2024,Ajio,Shopping,595.99,Cash,Online,Expense,-194049.08
101325,04-Feb-2024,Hostel Fee,Rent,5179.84,UPI,New Delhi,Expense,-199228.92
101326,2024-02-04,Burger King,Food & Dining,278.31,Net Banking,Hyderabad,Expense,-199507.23
101327,04/02/2024,Domino's,Food & Dining,214.49,UPI,Gurugram,Expense,-199721.72
101328,2024-02-04,McDonald's,Dining,194.73,Net Banking,Gurugram,Expense,-199916.45
101329,04-Feb-2024,DMart,Groceries,154.39,Credit Card,Mumbai,Expense,-200070.84
101330,04/02/2024,Chaayos,Food & Dining,83.75,UPI,Mumbai,Expense,-200154.59
101331,05-Feb-2024,Airtel,Bills,1149.88,Debit Card,Online,Expense,-201304.47
101332,05-Feb-2024,Udemy,Education,1350.75,Debit Card,Noida,Expense,-202655.22
101333,2024-02-05,McDonald's,Food & Dining,287.82,Cash,New Delhi,Expense,-202943.04
101334,05/02/2024,Spotify,Entertainment,566.94,Credit Card,Noida,Expense,-203509.98
101335,06/02/2024,McDonald's,Food & Dining,191.91,Cash,Hyderabad,Expense,-203701.89
101336,06-Feb-2024,Burger King,Food & Dining,338.67,UPI,New Delhi,Expense,-204040.56
101337,06-Feb-2024,Gift Shop,Miscellaneous,184.66,UPI,New Delhi,Expense,-204225.22
101338,07-Feb-2024,McDonald's,Food & Dining,179.21,Cash,Online,Expense,-204404.43
101339,2024-02-07,OYO,Travel,6970.79,Credit Card,Mumbai,Expense,-211375.22
101340,08/02/2024,Chaayos,food & dining,131.82,Debit Card,Online,Expense,-211507.04
101341,2024-02-08,Burger King,Food & Dining,318.83,UPI,Gurugram,Expense,-211825.87
101342,08-Feb-2024,BigBasket,Groceries,506.14,Credit Card,Gurugram,Expense,-212332.01
101343,2024-02-08,Blinkit,Groceries,189.08,Debit Card,Hyderabad,Expense,-212521.09
101344,2024-02-08,Ola,Transportation,126.61,Cash,Hyderabad,Expense,-212647.7
101345,2024-02-09,Flipkart,Shopping,1703.6,Cash,Noida,Expense,-214351.3
101346,2024-02-09,McDonald's,Food & Dining,127.29,Cash,Gurugram,Expense,-214478.59
101347,09/02/2024,Stationery,Miscellaneous,374.7,Debit Card,New Delhi,Expense,-214853.29
101348,2024-02-09,Chaayos,Food & Dining,345.19,UPI,Online,Expense,-215198.48
101349,10-Feb-2024,Chaayos,Food & Dining,265.03,Cash,Online,Expense,-215463.51
101350,10-Feb-2024,DMart,Groceries,425.8,Net Banking,New Delhi,Expense,-215889.31
101351,2024-02-10,Delhi Metro,Transportation,53.57,Credit Card,Hyderabad,Expense,-215942.88
101352,10-Feb-2024,McDonald's,Food & Dining,247.31,Debit Card,Noida,Expense,-216190.19
101353,2024-02-10,Flipkart,shopping,1905.75,Debit Card,Mumbai,Expense,-218095.94
101354,10-Feb-2024,Hostel Laundry,Bills,677.15,Cash,New Delhi,Expense,-218773.09
101355,2024-02-11,Gift Shop,Miscellaneous,644.48,Cash,Mumbai,Expense,-219417.57
101356,2024-02-11,Printing Shop,Miscellaneous,763.17,Net Banking,Noida,Expense,-220180.74
101357,2024-02-11,,Transportation,182.01,Cash,Hyderabad,Expense,-220362.75
101357,11/02/2024,,Transportation,182.01,Cash,Hyderabad,Expense,-220362.75
101358,11/02/2024,Burger King,Food & Dining,325.45,Cash,Noida,Expense,-220688.2
101359,2024-02-12,Hostel Laundry,utilities,674.5,,Noida,Expense,-221362.7
101360,2024-02-12,Gift Shop,Others,429.75,Net Banking,Mumbai,Expense,-221792.45
101361,12/02/2024,  Rapido ,  Transportation ,64.21,Credit Card,  Hyderabad ,Expense,-221856.66
101362,13-Feb-2024,HDFC Bank,Interest,338.46,Net Banking,New Delhi,Income,-221518.2
101363,13-Feb-2024,Ola,Transportation,154.4,Cash,Noida,Expense,-221672.6
101364,13/02/2024,Amazon,Shopping,2179.71,Cash,Gurugram,Expense,-223852.31
101365,13-Feb-2024,Gift Shop,Miscellaneous,560.48,Net Banking,New Delhi,Expense,-224412.79
101366,13/02/2024,Chaayos,food & dining,136.22,Cash,Gurugram,Expense,-224549.01
101367,13-Feb-2024,Gate Academy,Education,1890.59,Debit Card,Online,Expense,-226439.6
101368,14-Feb-2024,DMart,Groceries,893.47,Credit Card,Noida,Expense,-227333.07
101369,14/02/2024,Spotify,Entertainment,367.45,Net Banking,Noida,Expense,-227700.52
101370,2024-02-14,DMart,Groceries,572.29,Cash,Gurugram,Expense,-228272.81
101371,14/02/2024,Airtel,utilities,577.52,UPI,Hyderabad,Expense,-228850.33
101372,14/02/2024,Hostel Laundry,utilities,884.4,Net Banking,Hyderabad,Expense,-229734.73
101373,14/02/2024,Hostel Laundry,Utility Bills,210.99,Debit Card,Noida,Expense,-229945.72
101374,15-Feb-2024,Myntra,Shopping,610.51,Cash,New Delhi,Expense,-230556.23
101375,2024-02-15,Amazon,Shopping,1910.02,UPI,Mumbai,Expense,-232466.25
101376,15-Feb-2024,Zomato,Food & Dining,104.02,Debit Card,Mumbai,Expense,-232570.27
101377,2024-02-15,Printing Shop,Miscellaneous,376.37,Cash,New Delhi,Expense,-232946.64
101378,15-Feb-2024,Reliance Fresh,Groceries,847.75,UPI,Gurugram,Expense,-233794.39
101379,15-Feb-2024,OYO,Travel,4794.24,UPI,Mumbai,Expense,-238588.63
101380,16/02/2024,Stationery,Miscellaneous,377.32,Cash,Gurugram,Expense,-238965.95
101381,16/02/2024,Uber,Transportation,169.11,Cash,Hyderabad,Expense,-239135.06
101382,2024-02-18,Myntra,Shopping,375.83,UPI,Gurugram,Expense,-239510.89
101383,2024-02-18,Campus Canteen,Food & Dining,335.99,Net Banking,Mumbai,Expense,-239846.88
101384,2024-02-19,Swiggy,Food & Dining,162.5,UPI,Noida,Expense,-240009.38
101385,2024-02-19,Chaayos,Food & Dining,126.84,Debit Card,Gurugram,Expense,-240136.22
101386,2024-02-19,,Groceries,336.24,UPI,New Delhi,Expense,-240472.46
101386,19/02/2024,,Groceries,336.24,UPI,New Delhi,Expense,-240472.46
101387,19/02/2024,Groww,Investment,1898.9,Debit Card,Noida,Expense,-242371.36
101388,19-Feb-2024,Reliance Fresh,Groceries,794.85,Credit Card,Gurugram,Expense,-243166.21
101389,2024-02-19,Domino's,Food & Dining,85.14,,New Delhi,Expense,-243251.35
101390,20-Feb-2024,Myntra,Shopping,438.84,UPI,Online,Expense,-243690.19
101391,20/02/2024,Ajio,shopping,362.01,Net Banking,Gurugram,Expense,-244052.2
101392,2024-02-20,Delhi Metro,Transportation,117.36,UPI,New Delhi,Expense,-244169.56
101393,20-Feb-2024,Practo,Health,1744.26,UPI,New Delhi,Expense,-245913.82
101394,20-Feb-2024,Delhi Metro,Transportation,221.7,  Net Banking ,Gurugram,Expense,-246135.52
101395,20/02/2024,,Entertainment,483.01,UPI,Online,Expense,-246618.53
101395,20-Feb-2024,,Entertainment,483.01,UPI,Online,Expense,-246618.53
101396,2024-02-20,Spotify,Entertainment,691.17,Debit Card,Mumbai,Expense,-247309.7
101397,21-Feb-2024,Reliance Fresh,Groceries,810.67,Net Banking,Online,Expense,-248120.37
101398,21-Feb-2024,Domino's,Food & Dining,93.14,Debit Card,New Delhi,Expense,-248213.51
101399,2024-02-22,Hostel Fee,Rent,4924.45,Cash,Noida,Expense,-253137.96
101400,22/02/2024,Airtel,Bills,396.25,Debit Card,New Delhi,Expense,-253534.21
101401,22-Feb-2024,Blinkit,Groceries,693.46,Credit Card,Mumbai,Expense,-254227.67
101402,23/02/2024,Delhi Metro,Commute,166.96,UPI,Hyderabad,Expense,-254394.63
101403,23-Feb-2024,Rapido,Transportation,213.47,UPI,Noida,Expense,-254608.1
101404,23-Feb-2024,  Blinkit ,  Groceries ,803.58,Credit Card,  Mumbai ,Expense,-255411.68
101405,23-Feb-2024,Ajio,SHOPPING,1637.68,Debit Card,New Delhi,Expense,-257049.36
101406,23-Feb-2024,Tata 1mg,Health,689.5,UPI,Noida,Expense,-257738.86
101407,2024-02-24,McDonald's,Food & Dining,339.77,Debit Card,Mumbai,Expense,-258078.63
101408,24-Feb-2024,Hostel Laundry,Bills,146.46,UPI,New Delhi,Expense,-258225.09
101409,24/02/2024,Rapido,transportation,57.95,Credit Card,Hyderabad,Expense,-258283.04
101410,24-Feb-2024,Campus Canteen,Food & Dining,323.65,Cash,Online,Expense,-258606.69
101411,25/02/2024,Blinkit,Groceries,610.82,Net Banking,Mumbai,Expense,-259217.51
101412,25/02/2024,Ola,Transportation,235.35,Debit Card,Noida,Expense,-259452.86
101413,25/02/2024,Rapido,Transportation,38.42,Cash,Mumbai,Expense,-259491.28
101414,25-Feb-2024,Chaayos,Food & Dining,272.66,Credit Card,Hyderabad,Expense,-259763.94
101415,25/02/2024,Chaayos,Dining,144.82,Cash,New Delhi,Expense,-259908.76
101416,25/02/2024,Uber,Transportation,154.68,UPI,Mumbai,Expense,-260063.44
101417,26/02/2024,Delhi Metro,Transportation,26.7,Net Banking,Noida,Expense,-260090.14
101418,26/02/2024,Jio,Bills,793.17,UPI,Online,Expense,-260883.31
101419,26/02/2024,Ajio,Shopping,1729.19,UPI,Noida,Expense,-262612.5
101420,27/02/2024,Air India,Travel,4344.24,Debit Card,Online,Expense,-266956.74
101421,27-Feb-2024,Myntra,Shopping,1937.36,Net Banking,Mumbai,Expense,-268894.1
101422,28-Feb-2024,Chaayos,Food & Dining,134.85,Debit Card,Gurugram,Expense,-269028.95
101423,2024-02-28,Flipkart,Shopping,1018.0,Credit Card,Noida,Expense,-270046.95
101424,2024-02-28,Blinkit,Groceries,668.85,Debit Card,Hyderabad,Expense,-270715.8
101425,28-Feb-2024,Chaayos,Food & Dining,307.36,Net Banking,Noida,Expense,-271023.16
101426,2024-03-01,IIT Delhi,Salary/Stipend,16061.57,Net Banking,New Delhi,Income,-254961.59
101427,2024-03-01,Groww,Investment,2423.05,Cash,Gurugram,Expense,-257384.64
101428,01-Mar-2024,  PVR Cinemas ,  Entertainment ,212.02,Credit Card,  Gurugram ,Expense,-257596.66
101429,01/03/2024,Burger King,Food & Dining,124.72,Debit Card,Hyderabad,Expense,-257721.38
101430,01/03/2024,Delhi Metro,transportation,73.76,Net Banking,Hyderabad,Expense,-257795.14
101431,01/03/2024,Ola,Transportation,64.39,UPI,Gurugram,Expense,-257859.53
101432,02/03/2024,Parents,Family Support,41558.97,Net Banking,Hyderabad,Income,-216300.56
101433,02/03/2024,Hostel Laundry,Utility Bills,541.98,UPI,Gurugram,Expense,-216842.54
101434,03/03/2024,Jio,Bills,808.31,Net Banking,Hyderabad,Expense,-217650.85
101435,03/03/2024,Netflix,Entertainment,554.37,Cash,Mumbai,Expense,-218205.22
101436,04/03/2024,Hostel Fee,Rent,5335.53,UPI,New Delhi,Expense,-223540.75
101437,04/03/2024,Airtel,Bills,-1044.23,Net Banking,New Delhi,Expense,-224584.98
101438,2024-03-04,Printing Shop,Others,790.22,UPI,Gurugram,Expense,-225375.2
101439,2024-03-04,Swiggy,Food & Dining,217.02,UPI,Online,Expense,-225592.22
101440,04-Mar-2024,Swiggy,FOOD,334.23,Credit Card,Noida,Expense,-225926.45
101441,04/03/2024,Air India,Travel,5360.58,Net Banking,Hyderabad,Expense,-231287.03
101442,04/03/2024,Ajio,Shopping,1165.47,Cash,Gurugram,Expense,-232452.5
101443,2024-03-05,Airtel,utilities,468.07,Credit Card,Online,Expense,-232920.57
101444,2024-03-05,Uber,transportation,26.85,Net Banking,New Delhi,Expense,-232947.42
101445,05/03/2024,Flipkart,Shopping,2125.79,Net Banking,Mumbai,Expense,-235073.21
101446,05/03/2024,DOMINO'S,Food & Dining,287.44,Cash,Mumbai,Expense,-235360.65
101447,05-Mar-2024,Delhi Metro,Transportation,48.28,Cash,Noida,Expense,-235408.93
101448,2024-03-07,Domino's,Food & Dining,111.88,Credit Card,Mumbai,Expense,-235520.81
101449,07/03/2024,Stationery,Miscellaneous,581.9,Net Banking,Mumbai,Expense,-236102.71
101450,08/03/2024,Blinkit,Groceries,276.14,Net Banking,Online,Expense,-236378.85
101451,2024-03-08,Rapido,Transportation,185.1,Debit Card,New Delhi,Expense,-236563.95
101452,08/03/2024,Ola,Transportation,37.12,Credit Card,Gurugram,Expense,-236601.07
101453,09-Mar-2024,Delhi Metro,Transportation,59.39,Cash,Gurugram,Expense,-236660.46
101454,2024-03-09,  Burger King ,  Food & Dining ,97.56,Credit Card,  Hyderabad ,Expense,-236758.02
101455,2024-03-10,HDFC Bank,Interest,74.71,Net Banking,Hyderabad,Income,-236683.31
101456,10-Mar-2024,Uber,Transportation,65.38,UPI,Hyderabad,Expense,-236748.69
101457,2024-03-10,Apollo Pharmacy,Health,618.78,Credit Card,Mumbai,Expense,-237367.47
101458,2024-03-11,Zomato,Food & Dining,245.91,UPI,Mumbai,Expense,-237613.38
101459,2024-03-11,Zomato,Food & Dining,185.28,Cash,Gurugram,Expense,-237798.66
101460,2024-03-11,BSES,Utility Bills,1153.16,Debit Card,Mumbai,Expense,-238951.82
101461,11/03/2024,BigBasket,Groceries,334.45,Credit Card,Online,Expense,-239286.27
101462,11/03/2024,Apollo Pharmacy,Health,1005.1,Cash,Noida,Expense,-240291.37
101463,2024-03-12,Myntra,Shopping,498.26,UPI,Hyderabad,Expense,-240789.63
101464,12/03/2024,Domino's,Dining,180.3,Debit Card,Online,Expense,-240969.93
101465,12/03/2024,DMart,Groceries,241.75,UPI,Online,Expense,-241211.68
101466,2024-03-12,Flipkart,Shopping,1105.35,Net Banking,Hyderabad,Expense,-242317.03
101467,2024-03-13,PhonePe Rewards,Cashback,92.19,UPI,Online,Income,-242224.84
101468,13/03/2024,Chaayos,food & dining,342.45,Net Banking,Gurugram,Expense,-242567.29
101469,14/03/2024,Ajio,Shopping,1180.17,Net Banking,Mumbai,Expense,-243747.46
101470,2024-03-14,BookMyShow,Entertainment,565.15,Credit Card,Online,Expense,-244312.61
101471,14/03/2024,Swiggy,food & dining,205.5,Cash,New Delhi,Expense,-244518.11
101472,15-Mar-2024,Delhi Metro,Transportation,189.48,,Mumbai,Expense,-244707.59
101473,15/03/2024,Blinkit,Groceries,467.57,  Cash ,Noida,Expense,-245175.16
101474,2024-03-15,BigBasket,Groceries,382.28,Cash,Online,Expense,-245557.44
101475,2024-03-15,Reliance Fresh,Groceries,487.45,Debit Card,New Delhi,Expense,-246044.89
101476,16/03/2024,Zomato,Food & Dining,319.9,Cash,New Delhi,Expense,-246364.79
101477,16-Mar-2024,BookMyShow,Entertainment,510.22,UPI,Gurugram,Expense,-246875.01
101478,16-Mar-2024,Air India,Travel,703.96,Net Banking,Gurugram,Expense,-247578.97
101479,17/03/2024,Rapido,Transportation,121.55,UPI,Noida,Expense,-247700.52
101480,17/03/2024,Burger King,Food & Dining,155.54,Credit Card,,Expense,-247856.06
101481,17/03/2024,,Entertainment,173.66,Debit Card,Online,Expense,-248029.72
101482,2024-03-18,Delhi Metro,Transportation,176.6,Debit Card,Gurugram,Expense,-248206.32
101483,18/03/2024,Rapido,Transportation,168.09,Debit Card,Mumbai,Expense,-248374.41
101484,18-Mar-2024,DELHI METRO,Transportation,41.35,Net Banking,Gurugram,Expense,-248415.76
101485,2024-03-18,Domino's,Food & Dining,122.35,UPI,Hyderabad,Expense,-248538.11
101486,18/03/2024,Udemy,Education,564.62,UPI,Gurugram,Expense,-249102.73
101487,2024-03-18,Zomato,Food & Dining,344.54,Debit Card,Noida,Expense,-249447.27
101488,2024-03-18,Printing Shop,Miscellaneous,234.74,Credit Card,Gurugram,Expense,-249682.01
101489,18/03/2024,Uber,Transportation,57.13,Debit Card,New Delhi,Expense,-249739.14
101490,19-Mar-2024,Rapido,Transportation,141.04,Debit Card,Hyderabad,Expense,-249880.18
101491,19/03/2024,Jio,Bills,158.16,  Cash ,Hyderabad,Expense,-250038.34
101492,20-Mar-2024,Amazon,shopping,2215.82,UPI,Online,Expense,-252254.16
101493,21/03/2024,Ola,Transportation,-28.53,Net Banking,New Delhi,Expense,-252282.69
101494,2024-03-21,MakeMyTrip,Travel,4828.86,Net Banking,Noida,Expense,-257111.55
101495,2024-03-21,Apollo Pharmacy,Health,1189.64,Debit Card,Online,Expense,-258301.19
101496,22-Mar-2024,Rapido,Transportation,30.54,Debit Card,Mumbai,Expense,-258331.73
101497,22/03/2024,Reliance Fresh,Groceries,826.08,Cash,Hyderabad,Expense,-259157.81
101498,2024-03-22,RELIANCE FRESH,Groceries,563.84,UPI,Hyderabad,Expense,-259721.65
101499,22/03/2024,Printing Shop,Others,510.84,Cash,New Delhi,Expense,-260232.49
101500,23/03/2024,McDonald's,FOOD,114.32,Credit Card,Mumbai,Expense,-260346.81
101501,2024-03-23,Reliance Fresh,Groceries,546.86,Cash,Online,Expense,-260893.67
101502,23/03/2024,BookMyShow,Fun,271.7,UPI,Hyderabad,Expense,-261165.37
101503,23-Mar-2024,Groww,Investment,1321.14,UPI,Hyderabad,Expense,-262486.51
101504,2024-03-23,OLA,Transportation,228.04,UPI,Noida,Expense,-262714.55
101505,24/03/2024,Ola,Transportation,186.77,Net Banking,Hyderabad,Expense,-262901.32
101506,24-Mar-2024,Reliance Fresh,Groceries,182.6,UPI,Gurugram,Expense,-263083.92
101507,25/03/2024,Netflix,entertainment,773.85,UPI,Hyderabad,Expense,-263857.77
101508,25-Mar-2024,Hostel Laundry,Bills,370.0,Credit Card,Noida,Expense,-264227.77
101509,25-Mar-2024,Zomato,FOOD,165.0,Cash,New Delhi,Expense,-264392.77
101510,25/03/2024,Gate Academy,Education,1847.26,Net Banking,New Delhi,Expense,-266240.03
101511,26-Mar-2024,MakeMyTrip,Travel,7854.34,Debit Card,Online,Expense,-274094.37
101512,2024-03-26,Ola,Transport,85.44,Cash,Hyderabad,Expense,-274179.81
101513,26-Mar-2024,Burger King,Food & Dining,118.57,Cash,New Delhi,Expense,-274298.38
101514,2024-03-26,Uber,Transportation,213.0,UPI,Online,Expense,-274511.38
101515,26-Mar-2024,Uber,Transportation,222.42,Credit Card,,Expense,-274733.8
101516,27/03/2024,McDonald's,Food & Dining,272.14,UPI,New Delhi,Expense,-275005.94
101517,27/03/2024,Burger King,Food & Dining,299.41,Debit Card,Mumbai,Expense,-275305.35
101518,28-Mar-2024,Delhi Metro,Transport,115.44,Cash,Gurugram,Expense,-275420.79
101519,28/03/2024,Reliance Fresh,Groceries,484.49,,Gurugram,Expense,-275905.28
101520,28-Mar-2024,Printing Shop,Miscellaneous,255.75,UPI,Mumbai,Expense,-276161.03
101521,2024-04-01,IIT Delhi,Salary/Stipend,13864.84,Net Banking,New Delhi,Income,-262296.19
101522,01/04/2024,Ajio,shopping,1955.06,Net Banking,Noida,Expense,-264251.25
101523,01-Apr-2024,Delhi Metro,Transportation,216.18,Credit Card,Hyderabad,Expense,-264467.43
101524,01/04/2024,DMart,Groceries,394.56,Credit Card,Noida,Expense,-264861.99
101525,2024-04-01,Stationery,Miscellaneous,256.58,Cash,New Delhi,Expense,-265118.57
101526,2024-04-01,Domino's,Food & Dining,87.54,Credit Card,Mumbai,Expense,-265206.11
101527,02/04/2024,Parents,Family Support,25557.46,  Net Banking ,Hyderabad,Income,-239648.65
101528,02/04/2024,McDonald's,Food & Dining,96.39,Debit Card,Mumbai,Expense,-239745.04
101529,02/04/2024,Burger King,Food & Dining,99.26,Credit Card,Gurugram,Expense,-239844.3
101530,2024-04-02,OLA,Transportation,69.83,Cash,Mumbai,Expense,-239914.13
101531,2024-04-02,Zomato,Food & Dining,135.18,Net Banking,Online,Expense,-240049.31
101532,03/04/2024,Reliance Fresh,Groceries,649.99,Cash,Online,Expense,-240699.3
101533,03-Apr-2024,Blinkit,Groceries,496.63,Cash,Gurugram,Expense,-241195.93
101534,2024-04-04,Hostel Fee,Rent,5938.2,UPI,New Delhi,Expense,-247134.13
101535,04/04/2024,Airtel,Bills,575.02,Net Banking,New Delhi,Expense,-247709.15
101536,04-Apr-2024,Rapido,Transportation,107.73,Credit Card,Hyderabad,Expense,-247816.88
101537,04/04/2024,Uber,Transportation,64.27,Net Banking,Mumbai,Expense,-247881.15
101538,04/04/2024,Zomato,Dining,88.1,Debit Card,Online,Expense,-247969.25
101539,04-Apr-2024,Printing Shop,Miscellaneous,215.43,Credit Card,Mumbai,Expense,-248184.68
101540,04/04/2024,Chaayos,Food & Dining,192.23,Debit Card,Gurugram,Expense,-248376.91
101541,05-Apr-2024,Domino's,Food & Dining,91.9,Net Banking,Online,Expense,-248468.81
101542,06/04/2024,IRCTC Refund,Refund,575.78,UPI,Online,Income,-247893.03
101543,06-Apr-2024,Rapido,Transportation,105.64,UPI,New Delhi,Expense,-247998.67
101544,2024-04-06,BookMyShow,Entertainment,530.42,Net Banking,Gurugram,Expense,-248529.09
101545,2024-04-06,Delhi Metro,Commute,106.73,Debit Card,Hyderabad,Expense,-248635.82
101546,06/04/2024,Swiggy,Food & Dining,262.22,Net Banking,Online,Expense,-248898.04
101547,06-Apr-2024,Reliance Fresh,Groceries,359.36,UPI,Hyderabad,Expense,-249257.4
101548,07-Apr-2024,Burger King,Food & Dining,293.14,Credit Card,Mumbai,Expense,-249550.54
101549,2024-04-07,Chaayos,Food,134.1,UPI,,Expense,-249684.64
101550,07-Apr-2024,Amazon,Shopping,803.42,Credit Card,Gurugram,Expense,-250488.06
101551,07-Apr-2024,PVR Cinemas,Fun,177.68,Cash,Noida,Expense,-250665.74
101552,07-Apr-2024,,Investment,2714.59,UPI,Online,Expense,-253380.33
101553,2024-04-07,BookMyShow,Entertainment,319.15,Cash,Noida,Expense,-253699.48
101554,2024-04-07,Ajio,Shopping,2455.39,UPI,Hyderabad,Expense,-256154.87
101555,07/04/2024,Blinkit,Groceries,292.16,Cash,New Delhi,Expense,-256447.03
101556,07-Apr-2024,Gift Shop,Others,58.99,Credit Card,New Delhi,Expense,-256506.02
101557,08/04/2024,Domino's,FOOD,156.71,Credit Card,Gurugram,Expense,-256662.73
101558,2024-04-08,Gate Academy,Education,1294.58,Credit Card,Gurugram,Expense,-257957.31
101559,08/04/2024,Delhi Metro,Transportation,61.3,  UPI ,Gurugram,Expense,-258018.61
101560,08-Apr-2024,Myntra,shopping,1610.91,Net Banking,Online,Expense,-259629.52
101561,2024-04-08,Ola,Transportation,237.51,Debit Card,Mumbai,Expense,-259867.03
101562,08/04/2024,Flipkart,Shopping,995.36,Net Banking,New Delhi,Expense,-260862.39
101563,2024-04-08,Udemy,Education,1763.01,Net Banking,Online,Expense,-262625.4
101564,09-Apr-2024,  Chaayos ,  Food & Dining ,249.95,Credit Card,  Hyderabad ,Expense,-262875.35
101565,09/04/2024,PVR Cinemas,entertainment,330.08,UPI,,Expense,-263205.43
101566,2024-04-10,PVR Cinemas,Fun,203.19,Debit Card,Gurugram,Expense,-263408.62
101567,10-Apr-2024,McDonald's,Food & Dining,282.94,Net Banking,Gurugram,Expense,-263691.56
101568,10/04/2024,Campus Canteen,Food & Dining,168.9,Debit Card,Noida,Expense,-263860.46
101569,10/04/2024,Jio,Bills,1086.46,Cash,Noida,Expense,-264946.92
101570,11-Apr-2024,Coursera,Education,1662.31,Cash,Hyderabad,Expense,-266609.23
101571,11-Apr-2024,Delhi Metro,Transportation,153.03,Cash,Gurugram,Expense,-266762.26
101572,11/04/2024,BigBasket,Groceries,498.2,,Mumbai,Expense,-267260.46
101573,2024-04-11,Rapido,Transportation,129.2,Debit Card,New Delhi,Expense,-267389.66
101574,11/04/2024,Campus Canteen,Food & Dining,327.63,Cash,Online,Expense,-267717.29
101575,11/04/2024,Zomato,Food & Dining,108.59,UPI,Online,Expense,-267825.88
101576,2024-04-12,BigBasket,Groceries,638.78,Net Banking,Hyderabad,Expense,-268464.66
101577,12/04/2024,Blinkit,Groceries,474.38,Debit Card,Gurugram,Expense,-268939.04
101578,12-Apr-2024,Hostel Fee,Rent,5329.24,UPI,Hyderabad,Expense,-274268.28
101579,2024-04-12,Spotify,Entertainment,750.17,Credit Card,New Delhi,Expense,-275018.45
101580,12/04/2024,Hostel Laundry,Utility Bills,165.92,Debit Card,Noida,Expense,-275184.37
101581,2024-04-13,Domino's,Food & Dining,133.73,Credit Card,Noida,Expense,-275318.1
101582,13/04/2024,  Netflix ,  Entertainment ,699.04,UPI,  Gurugram ,Expense,-276017.14
101583,2024-04-14,Ajio,Shopping,1014.6,Cash,Mumbai,Expense,-277031.74
101584,2024-04-14,McDonald's,Food & Dining,168.23,Credit Card,New Delhi,Expense,-277199.97
101585,14-Apr-2024,Chaayos,Food & Dining,135.53,Cash,Noida,Expense,-277335.5
101586,2024-04-14,Flipkart,shopping,2162.15,Credit Card,Hyderabad,Expense,-279497.65
101587,15/04/2024,BookMyShow,entertainment,536.81,Cash,Online,Expense,-280034.46
101588,15/04/2024,Uber,Transportation,140.61,Debit Card,Hyderabad,Expense,-280175.07
101589,15-Apr-2024,SPOTIFY,Fun,328.21,Debit Card,Noida,Expense,-280503.28
101590,16/04/2024,Blinkit,Groceries,416.54,Credit Card,Noida,Expense,-280919.82
101591,16-Apr-2024,BigBasket,Groceries,866.81,Net Banking,Online,Expense,-281786.63
101592,2024-04-17,Burger King,Food & Dining,91.11,Debit Card,Online,Expense,-281877.74
101593,17/04/2024,Coursera,Education,947.94,,Noida,Expense,-282825.68
101594,17/04/2024,Campus Canteen,Food & Dining,251.39,UPI,Online,Expense,-283077.07
101595,18/04/2024,Campus Canteen,Dining,159.42,Cash,Noida,Expense,-283236.49
101596,19/04/2024,MakeMyTrip,Travel,7958.08,Net Banking,Hyderabad,Expense,-291194.57
101597,19-Apr-2024,Jio,Bills,1133.07,Net Banking,Mumbai,Expense,-292327.64
101598,19-Apr-2024,Rapido,Transportation,159.96,Cash,Hyderabad,Expense,-292487.6
101599,2024-04-19,Airtel,Bills,355.67,Credit Card,New Delhi,Expense,-292843.27
101600,20-Apr-2024,Rapido,Transportation,-106.08,Credit Card,New Delhi,Expense,-292949.35
101601,2024-04-20,Stationery,Miscellaneous,382.99,UPI,Online,Expense,-293332.34
101602,20-Apr-2024,Gift Shop,Miscellaneous,258.84,UPI,New Delhi,Expense,-293591.18
101603,21-Apr-2024,Hostel Laundry,Bills,940.51,Net Banking,New Delhi,Expense,-294531.69
101604,2024-04-21,Airtel,Bills,969.69,Credit Card,Noida,Expense,-295501.38
101605,21/04/2024,DMart,Groceries,287.66,UPI,Online,Expense,-295789.04
101606,21-Apr-2024,Zomato,Food & Dining,131.97,Credit Card,Noida,Expense,-295921.01
101607,2024-04-22,IndiGo,Travel,4479.07,UPI,Noida,Expense,-300400.08
101608,22-Apr-2024,Apollo Pharmacy,Health,135.69,Cash,Mumbai,Expense,-300535.77
101609,2024-04-22,Spotify,Fun,420.48,Net Banking,New Delhi,Expense,-300956.25
101610,22-Apr-2024,Reliance Fresh,Groceries,211.91,Cash,Noida,Expense,-301168.16
101611,22-Apr-2024,Domino's,Dining,286.17,Credit Card,Online,Expense,-301454.33
101612,23/04/2024,McDonald's,Food & Dining,208.45,Net Banking,Mumbai,Expense,-301662.78
101613,2024-04-23,APOLLO PHARMACY,Health,1185.9,Cash,Hyderabad,Expense,-302848.68
101614,2024-04-23,,Education,1303.87,Cash,Hyderabad,Expense,-304152.55
101614,23/04/2024,,Education,1303.87,Cash,Hyderabad,Expense,-304152.55
101615,23/04/2024,Hostel Laundry,Bills,1179.56,Credit Card,Gurugram,Expense,-305332.11
101616,23-Apr-2024,Domino's,FOOD,285.66,Cash,New Delhi,Expense,-305617.77
101617,2024-04-24,Flipkart,Shopping,762.05,Cash,Noida,Expense,-306379.82
101618,24/04/2024,Coursera,Education,972.26,Cash,Mumbai,Expense,-307352.08
101619,24/04/2024,Swiggy,Food & Dining,192.97,Cash,Noida,Expense,-307545.05
101620,2024-04-24,DMart,Groceries,582.1,Debit Card,Mumbai,Expense,-308127.15
101621,2024-04-25,Chaayos,Food & Dining,209.8,Debit Card,Mumbai,Expense,-308336.95
101622,25/04/2024,Domino's,Food & Dining,238.14,UPI,New Delhi,Expense,-308575.09
101623,25-Apr-2024,,Groceries,739.48,Cash,Gurugram,Expense,-309314.57
101623,2024-04-25,,Groceries,739.48,Cash,Gurugram,Expense,-309314.57
101624,2024-04-25,Gate Academy,Education,1204.41,UPI,Mumbai,Expense,-310518.98
101625,26-Apr-2024,Zomato,Food & Dining,170.07,UPI,Hyderabad,Expense,-310689.05
101626,26-Apr-2024,McDonald's,Food & Dining,114.43,UPI,Gurugram,Expense,-310803.48
101627,26/04/2024,Swiggy,Food & Dining,202.66,Cash,Noida,Expense,-311006.14
101628,2024-04-26,Zomato,Food & Dining,329.52,Credit Card,Hyderabad,Expense,-311335.66
101629,27/04/2024,Uber,Transportation,112.07,Debit Card,New Delhi,Expense,-311447.73
101630,27/04/2024,Domino's,Food & Dining,160.86,Cash,Online,Expense,-311608.59
101631,2024-04-27,PVR Cinemas,Entertainment,390.43,UPI,Noida,Expense,-311999.02
101632,27/04/2024,Chaayos,Food & Dining,240.01,Credit Card,Noida,Expense,-312239.03
101633,28-Apr-2024,DMart,Groceries,776.38,Cash,Gurugram,Expense,-313015.41
101634,28/04/2024,PVR Cinemas,Entertainment,511.13,Credit Card,Gurugram,Expense,-313526.54
101635,28-Apr-2024,Printing Shop,Miscellaneous,798.5,Net Banking,Gurugram,Expense,-314325.04
101636,2024-04-28,Reliance Fresh,Groceries,892.9,Debit Card,New Delhi,Expense,-315217.94
101637,01-May-2024,IIT Delhi,Salary/Stipend,15044.55,Net Banking,New Delhi,Income,-300173.39
101638,01/05/2024,Chaayos,Food & Dining,131.2,Net Banking,Mumbai,Expense,-300304.59
101639,01/05/2024,Zerodha,Investment,1942.29,UPI,Hyderabad,Expense,-302246.88
101640,2024-05-02,Parents,Family Support,39499.78,Net Banking,Hyderabad,Income,-262747.1
101641,02/05/2024,,misc,125.61,UPI,Mumbai,Expense,-262872.71
101642,02/05/2024,Spotify,Entertainment,601.67,Cash,New Delhi,Expense,-263474.38
101643,03/05/2024,Ajio,Shopping,253.55,Net Banking,,Expense,-263727.93
101644,2024-05-03,LeetCode,Education,1180.13,Cash,Mumbai,Expense,-264908.06
101645,04-May-2024,Hostel Fee,Rent,5926.52,UPI,New Delhi,Expense,-270834.58
101646,04-May-2024,Jio,Bills,1186.38,Net Banking,New Delhi,Expense,-272020.96
101647,04/05/2024,Swiggy,Food & Dining,158.56,Debit Card,Mumbai,Expense,-272179.52
101648,04-May-2024,,Bills,306.97,Credit Card,Gurugram,Expense,-272486.49
101648,04/05/2024,,Bills,306.97,Credit Card,Gurugram,Expense,-272486.49
101649,2024-05-04,Delhi Metro,Transportation,247.78,Net Banking,Online,Expense,-272734.27
101650,04-May-2024,Myntra,Shopping,2333.47,Cash,Noida,Expense,-275067.74
101651,2024-05-04,DMart,Groceries,750.38,  Credit Card ,Hyderabad,Expense,-275818.12
101652,05/05/2024,Myntra,SHOPPING,1135.99,Net Banking,New Delhi,Expense,-276954.11
101653,2024-05-05,Reliance Fresh,Groceries,511.83,Credit Card,Mumbai,Expense,-277465.94
101654,2024-05-05,Gift Shop,Miscellaneous,791.36,Cash,Mumbai,Expense,-278257.3
101655,2024-05-05,Stationery,Miscellaneous,273.77,Debit Card,New Delhi,Expense,-278531.07
101656,06/05/2024,Stationery,Miscellaneous,599.78,Debit Card,Noida,Expense,-279130.85
101657,06-May-2024,Printing Shop,misc,198.52,UPI,Online,Expense,-279329.37
101658,06/05/2024,BookMyShow,Entertainment,656.04,Cash,Mumbai,Expense,-279985.41
101659,06/05/2024,NPS,Investment,2744.01,Credit Card,New Delhi,Expense,-282729.42
101660,2024-05-07,DMart,Groceries,309.43,Credit Card,Noida,Expense,-283038.85
101661,08/05/2024,Ola,Transportation,117.53,Cash,New Delhi,Expense,-283156.38
101662,08-May-2024,Ajio,Shopping,917.85,Cash,Noida,Expense,-284074.23
101663,09/05/2024,Ajio,Shopping,1713.2,Debit Card,New Delhi,Expense,-285787.43
101664,09-May-2024,BSES,utilities,181.8,Cash,Mumbai,Expense,-285969.23
101665,2024-05-10,Ola,Transportation,39.14,Net Banking,Mumbai,Expense,-286008.37
101666,10-May-2024,McDonald's,Food & Dining,182.72,Debit Card,Online,Expense,-286191.09
101667,10/05/2024,Ajio,Shopping,818.96,Net Banking,Gurugram,Expense,-287010.05
101668,10-May-2024,Amazon,Shopping,623.78,Cash,New Delhi,Expense,-287633.83
101669,10/05/2024,  Hostel Laundry ,  utilities ,337.28,UPI,  Gurugram ,Expense,-287971.11
101670,10/05/2024,Campus Canteen,FOOD,276.22,,Mumbai,Expense,-288247.33
101671,2024-05-10,Campus Canteen,FOOD,187.09,Net Banking,Noida,Expense,-288434.42
101672,11/05/2024,Reliance Fresh,Groceries,510.63,Cash,Noida,Expense,-288945.05
101673,11-May-2024,PVR Cinemas,Entertainment,523.06,Debit Card,Gurugram,Expense,-289468.11
101674,2024-05-11,Chaayos,Food & Dining,176.13,UPI,New Delhi,Expense,-289644.24
101675,11-May-2024,Hostel Fee,Rent,4543.83,Debit Card,Noida,Expense,-294188.07
101676,12/05/2024,Printing Shop,Miscellaneous,526.23,UPI,Mumbai,Expense,-294714.3
101677,12/05/2024,Campus Canteen,Food & Dining,255.83,Net Banking,New Delhi,Expense,-294970.13
101678,12-May-2024,IndiGo,Travel,9550.17,Cash,Mumbai,Expense,-304520.3
101679,12-May-2024,BSES,Utility Bills,337.64,Credit Card,Mumbai,Expense,-304857.94
101680,2024-05-12,Printing Shop,Miscellaneous,194.47,Net Banking,Hyderabad,Expense,-305052.41
101681,14-May-2024,Gift Shop,Miscellaneous,418.59,Debit Card,Online,Expense,-305471.0
101682,2024-05-14,McDonald's,Dining,323.61,Net Banking,New Delhi,Expense,-305794.61
101683,14-May-2024,BigBasket,Groceries,785.34,Debit Card,Mumbai,Expense,-306579.95
101684,15-May-2024,  Rapido ,  Transportation ,58.59,Net Banking,  Hyderabad ,Expense,-306638.54
101685,15-May-2024,Flipkart,Shopping,1846.57,Net Banking,Noida,Expense,-308485.11
101686,2024-05-16,CLIENT PAYMENT,Freelance,4777.83,Net Banking,Hyderabad,Income,-303707.28
101687,16/05/2024,Practo,Health,1700.51,UPI,Mumbai,Expense,-305407.79
101688,2024-05-16,Delhi Metro,Transportation,117.16,Cash,Online,Expense,-305524.95
101689,2024-05-16,Campus Canteen,Food & Dining,102.31,Net Banking,Noida,Expense,-305627.26
101690,2024-05-16,BigBasket,Groceries,254.89,Net Banking,Gurugram,Expense,-305882.15
101691,2024-05-17,,Interest,156.97,Net Banking,New Delhi,Income,-305725.18
101691,2024-05-17,,Interest,156.97,Net Banking,New Delhi,Income,-305725.18
101692,2024-05-17,Jio,utilities,1091.1,Cash,Noida,Expense,-306816.28
101693,17-May-2024,NPS,Investment,793.37,Debit Card,Hyderabad,Expense,-307609.65
101694,2024-05-17,Chaayos,Food & Dining,161.16,Debit Card,Mumbai,Expense,-307770.81
101695,18-May-2024,RAPIDO,Transportation,174.8,Credit Card,Online,Expense,-307945.61
101696,2024-05-18,Groww,Investment,1705.42,Credit Card,Noida,Expense,-309651.03
101697,2024-05-18,Stationery,Others,696.66,Cash,Mumbai,Expense,-310347.69
101698,18/05/2024,Chaayos,Food & Dining,230.14,Net Banking,Online,Expense,-310577.83
101699,18/05/2024,Campus Canteen,Food & Dining,306.03,UPI,Noida,Expense,-310883.86
101700,18/05/2024,Domino's,Food & Dining,123.53,UPI,New Delhi,Expense,-311007.39
101701,2024-05-19,DMart,Groceries,630.79,Cash,New Delhi,Expense,-311638.18
101702,19/05/2024,Hostel Fee,Rent,4686.72,Credit Card,Online,Expense,-316324.9
101703,19/05/2024,Ola,Transportation,98.69,Cash,Online,Expense,-316423.59
101704,2024-05-19,McDonald's,food & dining,234.71,Debit Card,Mumbai,Expense,-316658.3
101705,20/05/2024,Gift Shop,Miscellaneous,160.91,Credit Card,Gurugram,Expense,-316819.21
101706,20/05/2024,Airtel,Bills,540.18,Debit Card,Online,Expense,-317359.39
101707,21-May-2024,Gift Shop,Miscellaneous,52.35,UPI,Mumbai,Expense,-317411.74
101708,2024-05-21,PVR Cinemas,Entertainment,520.48,Cash,Mumbai,Expense,-317932.22
101709,21-May-2024,,Entertainment,607.52,Credit Card,Noida,Expense,-318539.74
101710,21/05/2024,Campus Canteen,Food & Dining,135.02,Debit Card,Mumbai,Expense,-318674.76
101711,22-May-2024,Chaayos,Food & Dining,236.15,Credit Card,New Delhi,Expense,-318910.91
101712,22/05/2024,Ajio,Shopping,2367.23,,Hyderabad,Expense,-321278.14
101713,22-May-2024,Stationery,Miscellaneous,549.45,Credit Card,Hyderabad,Expense,-321827.59
101714,2024-05-22,Practo,Health,314.72,Net Banking,Noida,Expense,-322142.31
101715,22-May-2024,Airtel,Bills,260.46,Net Banking,Gurugram,Expense,-322402.77
101716,2024-05-22,Ola,Transportation,246.41,UPI,Hyderabad,Expense,-322649.18
101717,2024-05-23,Practo,Health,714.4,UPI,Mumbai,Expense,-323363.58
101718,23/05/2024,McDonald's,Food & Dining,104.92,Cash,Mumbai,Expense,-323468.5
101719,2024-05-23,Domino's,food & dining,282.04,UPI,Noida,Expense,-323750.54
101720,2024-05-23,Chaayos,FOOD,223.27,Credit Card,Gurugram,Expense,-323973.81
101721,23/05/2024,Ola,Transportation,159.65,Net Banking,Hyderabad,Expense,-324133.46
101722,2024-05-23,Swiggy,Food & Dining,334.94,UPI,Online,Expense,-324468.4
101723,2024-05-23,Printing Shop,Miscellaneous,331.53,UPI,Online,Expense,-324799.93
101724,2024-05-23,Airtel,Bills,661.65,UPI,Noida,Expense,-325461.58
101725,24-May-2024,Netflix,Entertainment,626.72,UPI,Mumbai,Expense,-326088.3
101726,24-May-2024,Reliance Fresh,Groceries,673.73,UPI,Hyderabad,Expense,-326762.03
101727,24-May-2024,Rapido,Transportation,54.17,Credit Card,New Delhi,Expense,-326816.2
101728,2024-05-25,NPS,Investment,2428.18,Debit Card,Hyderabad,Expense,-329244.38
101729,2024-05-25,Delhi Metro,Transport,139.62,Cash,Online,Expense,-329384.0
101730,25-May-2024,Spotify,entertainment,746.21,Cash,Mumbai,Expense,-330130.21
101731,26-May-2024,,Transportation,30.52,Cash,Noida,Expense,-330160.73
101732,26-May-2024,,Bills,641.15,Credit Card,Hyderabad,Expense,-330801.88
101732,2024-05-26,,Bills,641.15,Credit Card,Hyderabad,Expense,-330801.88
101733,27/05/2024,BookMyShow,Entertainment,632.23,UPI,Online,Expense,-331434.11
101734,2024-05-27,Jio,Bills,977.29,Debit Card,Mumbai,Expense,-332411.4
101735,2024-05-28,Blinkit,Groceries,664.64,Net Banking,Online,Expense,-333076.04
101736,2024-05-28,McDonald's,Food,82.48,Debit Card,Noida,Expense,-333158.52
101737,2024-05-28,Campus Canteen,Food & Dining,273.53,Credit Card,Mumbai,Expense,-333432.05
101738,2024-05-28,Chaayos,Food & Dining,118.25,Credit Card,Noida,Expense,-333550.3
101739,2024-06-01,IIT Delhi,Salary/Stipend,12984.26,Net Banking,New Delhi,Income,-320566.04
101740,01-Jun-2024,Ajio,Shopping,379.37,Debit Card,Gurugram,Expense,-320945.41
101741,01/06/2024,Coursera,Education,699.85,Debit Card,Noida,Expense,-321645.26
101742,01/06/2024,Udemy,Education,1213.63,UPI,Noida,Expense,-322858.89
101743,02/06/2024,Parents,Family Support,31327.21,Net Banking,Hyderabad,Income,-291531.68
101744,02-Jun-2024,Campus Canteen,Food,264.8,Debit Card,Online,Expense,-291796.48
101745,02-Jun-2024,Domino's,Food & Dining,195.31,  UPI ,Gurugram,Expense,-291991.79
101746,02/06/2024,Coursera,Education,948.77,Debit Card,Noida,Expense,-292940.56
101747,2024-06-03,Zomato,Food & Dining,277.09,,New Delhi,Expense,-293217.65
101748,03-Jun-2024,Uber,transportation,154.4,Credit Card,,Expense,-293372.05
101749,03/06/2024,Reliance Fresh,Groceries,535.12,Cash,Hyderabad,Expense,-293907.17
101750,03/06/2024,Flipkart,Shopping,2168.62,Credit Card,Online,Expense,-296075.79
101751,2024-06-03,Uber,Transportation,102.91,Net Banking,Noida,Expense,-296178.7
101752,04-Jun-2024,Hostel Fee,Rent,4598.94,UPI,New Delhi,Expense,-300777.64
101753,2024-06-04,,Transport,105.86,Credit Card,Hyderabad,Expense,-300883.5
101753,04-Jun-2024,,Transportation,105.86,Credit Card,Hyderabad,Expense,-300883.5
101754,04-Jun-2024,  Udemy ,  Education ,1860.28,Debit Card,  New Delhi ,Expense,-302743.78
101755,04/06/2024,Reliance Fresh,Groceries,737.04,Credit Card,Hyderabad,Expense,-303480.82
101756,04-Jun-2024,Jio,Utility Bills,263.6,Cash,New Delhi,Expense,-303744.42
101757,2024-06-04,Ola,Commute,81.76,Credit Card,New Delhi,Expense,-303826.18
101758,2024-06-05,Gift Shop,misc,749.33,,Hyderabad,Expense,-304575.51
101759,2024-06-05,Groww,Investment,2481.78,Debit Card,Hyderabad,Expense,-307057.29
101760,05-Jun-2024,Spotify,Entertainment,273.42,Credit Card,Gurugram,Expense,-307330.71
101761,2024-06-05,Rapido,Transport,64.2,UPI,Hyderabad,Expense,-307394.91
101762,2024-06-05,Campus Canteen,Food & Dining,102.57,Net Banking,New Delhi,Expense,-307497.48
101763,2024-06-06,BSES,Bills,1086.23,Cash,Noida,Expense,-308583.71
101764,06-Jun-2024,Jio,Bills,768.11,Credit Card,New Delhi,Expense,-309351.82
101765,07/06/2024,SWIGGY,Food & Dining,196.32,  Net Banking ,Hyderabad,Expense,-309548.14
101766,2024-06-07,Chaayos,Food & Dining,177.66,UPI,Gurugram,Expense,-309725.8
101767,08/06/2024,Rapido,Transportation,42.53,UPI,New Delhi,Expense,-309768.33
101768,08-Jun-2024,Gift Shop,Miscellaneous,785.09,Cash,Online,Expense,-310553.42
101769,2024-06-08,McDonald's,FOOD,99.45,Cash,New Delhi,Expense,-310652.87
101770,08-Jun-2024,Blinkit,Groceries,552.16,UPI,Hyderabad,Expense,-311205.03
101771,09/06/2024,Coursera,Education,1480.14,Cash,Mumbai,Expense,-312685.17
101772,09-Jun-2024,Chaayos,Food & Dining,228.63,Net Banking,Gurugram,Expense,-312913.8
101773,2024-06-09,Netflix,Entertainment,295.78,Net Banking,Mumbai,Expense,-313209.58
101774,09/06/2024,Jio,Bills,1155.54,UPI,Gurugram,Expense,-314365.12
101775,2024-06-10,Burger King,FOOD,276.65,Cash,New Delhi,Expense,-314641.77
101776,2024-06-10,Myntra,Shopping,2180.06,Cash,Gurugram,Expense,-316821.83
101777,10-Jun-2024,Uber,Transportation,242.52,Net Banking,New Delhi,Expense,-317064.35
101778,2024-06-10,Hostel Fee,Rent,4836.78,UPI,Hyderabad,Expense,-321901.13
101779,11-Jun-2024,Swiggy,Food & Dining,193.69,Credit Card,Mumbai,Expense,-322094.82
101780,11-Jun-2024,Domino's,Food & Dining,212.65,UPI,New Delhi,Expense,-322307.47
101781,12-Jun-2024,Gift Shop,Miscellaneous,187.33,Net Banking,Gurugram,Expense,-322494.8
101782,12/06/2024,Ola,Commute,142.89,Net Banking,Mumbai,Expense,-322637.69
101783,12/06/2024,Uber,Transportation,50.66,Cash,Online,Expense,-322688.35
101784,12-Jun-2024,Domino's,Food & Dining,207.09,Debit Card,Online,Expense,-322895.44
101785,12/06/2024,  Ajio ,  shopping ,614.13,UPI,  Gurugram ,Expense,-323509.57
101786,12-Jun-2024,Zomato,Food & Dining,276.1,Cash,New Delhi,Expense,-323785.67
101787,12/06/2024,Delhi Metro,Commute,134.83,UPI,New Delhi,Expense,-323920.5
101788,2024-06-13,McDonald's,Food & Dining,313.37,Net Banking,Gurugram,Expense,-324233.87
101789,2024-06-13,Delhi Metro,transportation,199.26,Credit Card,Noida,Expense,-324433.13
101790,13-Jun-2024,Campus Canteen,Food & Dining,127.99,Net Banking,Noida,Expense,-324561.12
101791,13/06/2024,Hostel Fee,Rent,4772.81,Debit Card,Online,Expense,-329333.93
101792,14/06/2024,Myntra,Shopping,2381.77,UPI,Mumbai,Expense,-331715.7
101793,2024-06-14,Air India,Travel,10853.46,Cash,New Delhi,Expense,-342569.16
101794,14/06/2024,Delhi Metro,Transportation,179.49,Credit Card,Mumbai,Expense,-342748.65
101795,16/06/2024,Chaayos,Food & Dining,157.18,UPI,Online,Expense,-342905.83
101796,16/06/2024,Coursera,Education,1203.58,Credit Card,Mumbai,Expense,-344109.41
101797,2024-06-17,Campus Canteen,Food & Dining,82.56,Credit Card,Mumbai,Expense,-344191.97
101798,17-Jun-2024,Apollo Pharmacy,Health,1730.53,Cash,Hyderabad,Expense,-345922.5
101799,17/06/2024,DMart,Groceries,542.82,Credit Card,Hyderabad,Expense,-346465.32
101800,17/06/2024,BigBasket,Groceries,680.82,Debit Card,Noida,Expense,-347146.14
101801,2024-06-18,Printing Shop,Miscellaneous,557.58,UPI,Online,Expense,-347703.72
101802,18/06/2024,BigBasket,Groceries,223.98,Debit Card,Mumbai,Expense,-347927.7
101803,18-Jun-2024,Reliance Fresh,Groceries,720.74,UPI,Noida,Expense,-348648.44
101804,18-Jun-2024,Domino's,Food & Dining,270.47,Credit Card,Online,Expense,-348918.91
101805,18-Jun-2024,BigBasket,Groceries,332.86,Net Banking,New Delhi,Expense,-349251.77
101806,18-Jun-2024,Domino's,Food,92.02,UPI,Hyderabad,Expense,-349343.79
101807,18/06/2024,Tata 1mg,Health,751.41,Net Banking,Hyderabad,Expense,-350095.2
101808,2024-06-19,Spotify,Entertainment,184.25,Credit Card,Mumbai,Expense,-350279.45
101809,2024-06-19,Campus Canteen,Food,234.41,UPI,Hyderabad,Expense,-350513.86
101810,2024-06-20,Google Pay Rewards,Cashback,95.64,UPI,Hyderabad,Income,-350418.22
101811,2024-06-20,Uber,Transportation,84.44,Cash,Noida,Expense,-350502.66
101812,20/06/2024,Zomato,Food & Dining,223.23,Cash,Noida,Expense,-350725.89
101813,2024-06-20,LeetCode,Education,1811.75,Debit Card,New Delhi,Expense,-352537.64
101814,21-Jun-2024,Rapido,Transportation,20.51,Credit Card,Gurugram,Expense,-352558.15
101815,2024-06-21,Reliance Fresh,Groceries,368.88,Debit Card,Noida,Expense,-352927.03
101816,2024-06-21,Ola,Transportation,201.84,Credit Card,Hyderabad,Expense,-353128.87
101817,21-Jun-2024,Burger King,FOOD,255.13,  Debit Card ,Gurugram,Expense,-353384.0
101818,21-Jun-2024,BigBasket,Groceries,697.11,UPI,Gurugram,Expense,-354081.11
101819,21-Jun-2024,Delhi Metro,Transportation,53.9,Credit Card,Mumbai,Expense,-354135.01
101820,22/06/2024,Domino's,Food & Dining,209.41,UPI,Online,Expense,-354344.42
101821,22-Jun-2024,Reliance Fresh,Groceries,521.68,Debit Card,Online,Expense,-354866.1
101822,23-Jun-2024,Ola,Transportation,118.39,Debit Card,Mumbai,Expense,-354984.49
101823,2024-06-23,Spotify,Entertainment,704.92,Cash,Noida,Expense,-355689.41
101824,23-Jun-2024,Rapido,Transportation,236.89,Credit Card,,Expense,-355926.3
101825,23/06/2024,Coursera,Education,1286.66,Cash,New Delhi,Expense,-357212.96
101826,24/06/2024,Domino's,Food & Dining,182.28,UPI,Mumbai,Expense,-357395.24
101827,24/06/2024,Ola,Transportation,21.19,Cash,Gurugram,Expense,-357416.43
101828,2024-06-24,BookMyShow,Entertainment,585.66,Cash,Mumbai,Expense,-358002.09
101829,25-Jun-2024,Domino's,Food & Dining,325.5,Credit Card,Noida,Expense,-358327.59
101830,25-Jun-2024,Jio,Bills,507.17,Net Banking,Online,Expense,-358834.76
101831,2024-06-25,Stationery,Others,562.22,Debit Card,Gurugram,Expense,-359396.98
101832,25-Jun-2024,PVR Cinemas,Entertainment,352.97,Credit Card,Mumbai,Expense,-359749.95
101833,25/06/2024,OYO,Travel,11910.38,Debit Card,Mumbai,Expense,-371660.33
101834,2024-06-25,Stationery,Miscellaneous,152.97,Net Banking,New Delhi,Expense,-371813.3
101835,25-Jun-2024,  Flipkart ,  Shopping ,2450.61,Debit Card,  Noida ,Expense,-374263.91
101836,2024-06-25,Printing Shop,Miscellaneous,445.21,Credit Card,Mumbai,Expense,-374709.12
101837,26/06/2024,  Rapido ,  Transportation ,190.5,Cash,  Hyderabad ,Expense,-374899.62
101838,2024-06-26,Rapido,Transportation,153.78,Credit Card,Online,Expense,-375053.4
101839,2024-06-26,Netflix,Entertainment,106.58,Net Banking,Mumbai,Expense,-375159.98
101840,2024-06-26,Rapido,Transportation,185.91,UPI,New Delhi,Expense,-375345.89
101841,27/06/2024,Campus Canteen,Food & Dining,131.35,UPI,Mumbai,Expense,-375477.24
101842,2024-06-27,Blinkit,Groceries,842.67,Credit Card,New Delhi,Expense,-376319.91
101843,27/06/2024,Hostel Laundry,Bills,705.97,  Credit Card ,Gurugram,Expense,-377025.88
101844,27-Jun-2024,Reliance Fresh,Groceries,494.54,Credit Card,Hyderabad,Expense,-377520.42
101845,27/06/2024,Uber,Transport,24.76,UPI,Noida,Expense,-377545.18
101846,27-Jun-2024,Spotify,Movies,724.67,Debit Card,Gurugram,Expense,-378269.85
101847,27/06/2024,Uber,Transportation,223.37,Cash,Noida,Expense,-378493.22
101848,28/06/2024,BigBasket,Groceries,675.34,Net Banking,Gurugram,Expense,-379168.56
101849,01/07/2024,IIT Delhi,Salary/Stipend,15350.25,Net Banking,New Delhi,Income,-363818.31
101850,01-Jul-2024,Chaayos,FOOD,137.1,Cash,Gurugram,Expense,-363955.41
101851,2024-07-01,Coursera,Education,1212.02,Credit Card,Gurugram,Expense,-365167.43
101852,01/07/2024,Airtel,Bills,752.62,Net Banking,Online,Expense,-365920.05
101853,01/07/2024,Campus Canteen,Food & Dining,118.82,Net Banking,New Delhi,Expense,-366038.87
101854,01-Jul-2024,Rapido,Transport,132.94,UPI,Online,Expense,-366171.81
101855,02-Jul-2024,Parents,Family Support,43418.08,Net Banking,Hyderabad,Income,-322753.73
101856,02/07/2024,Burger King,Food & Dining,317.91,Credit Card,Hyderabad,Expense,-323071.64
101857,02-Jul-2024,DMart,Groceries,742.67,Debit Card,New Delhi,Expense,-323814.31
101858,2024-07-02,Air India,Travel,6351.7,Cash,Online,Expense,-330166.01
101859,2024-07-02,Hostel Laundry,Bills,532.65,Credit Card,Mumbai,Expense,-330698.66
101860,03-Jul-2024,Zomato,Food & Dining,178.62,UPI,New Delhi,Expense,-330877.28
101861,2024-07-03,Practo,Health,508.57,Net Banking,New Delhi,Expense,-331385.85
101862,2024-07-03,Jio,Bills,488.71,Cash,Gurugram,Expense,-331874.56
101863,2024-07-03,Groww,Investment,1009.41,  Cash ,New Delhi,Expense,-332883.97
101864,03-Jul-2024,Rapido,Transportation,61.54,Debit Card,Noida,Expense,-332945.51
101865,2024-07-03,Campus Canteen,Food & Dining,117.41,Credit Card,Gurugram,Expense,-333062.92
101866,2024-07-03,Delhi Metro,Transportation,65.82,Net Banking,Mumbai,Expense,-333128.74
101867,04/07/2024,Hostel Fee,Rent,4709.02,UPI,New Delhi,Expense,-337837.76
101868,2024-07-04,Swiggy,Food,123.95,Credit Card,Hyderabad,Expense,-337961.71
101869,04/07/2024,BookMyShow,Entertainment,749.06,Net Banking,Hyderabad,Expense,-338710.77
101870,04/07/2024,SPOTIFY,Entertainment,486.11,Cash,New Delhi,Expense,-339196.88
101871,04/07/2024,Swiggy,Food & Dining,330.34,Credit Card,Gurugram,Expense,-339527.22
101872,05-Jul-2024,Reliance Fresh,Groceries,760.28,Cash,Mumbai,Expense,-340287.5
101873,05-Jul-2024,Ajio,Shopping,2313.57,Debit Card,Hyderabad,Expense,-342601.07
101874,05/07/2024,,Food & Dining,127.55,Debit Card,Online,Expense,-342728.62
101874,2024-07-05,,Dining,127.55,Debit Card,Online,Expense,-342728.62
101875,2024-07-05,McDonald's,Food & Dining,203.84,,New Delhi,Expense,-342932.46
101876,2024-07-06,Flipkart,Shopping,334.17,Cash,New Delhi,Expense,-343266.63
101877,06/07/2024,Printing Shop,Miscellaneous,626.62,Net Banking,Mumbai,Expense,-343893.25
101878,2024-07-06,Chaayos,Food & Dining,321.13,UPI,New Delhi,Expense,-344214.38
101879,06-Jul-2024,Jio,Utility Bills,595.97,Debit Card,New Delhi,Expense,-344810.35
101880,2024-07-07,OYO,Travel,1613.47,Net Banking,New Delhi,Expense,-346423.82
101881,07/07/2024,Burger King,Food & Dining,325.62,Credit Card,Mumbai,Expense,-346749.44
101882,07-Jul-2024,Netflix,Movies,371.34,Credit Card,Hyderabad,Expense,-347120.78
101883,07/07/2024,Zerodha,Investment,863.78,Net Banking,New Delhi,Expense,-347984.56
101884,2024-07-07,Campus Canteen,food & dining,136.64,Net Banking,New Delhi,Expense,-348121.2
101885,07/07/2024,Netflix,Movies,748.61,Net Banking,New Delhi,Expense,-348869.81
101886,07/07/2024,BigBasket,Groceries,720.72,UPI,Noida,Expense,-349590.53
101887,08-Jul-2024,NPS,Investment,2982.07,Cash,Noida,Expense,-352572.6
101888,2024-07-09,Swiggy,Dining,331.49,Net Banking,Online,Expense,-352904.09
101889,09/07/2024,Netflix,Entertainment,571.76,Cash,Noida,Expense,-353475.85
101890,2024-07-10,McDonald's,Food & Dining,222.41,Cash,Mumbai,Expense,-353698.26
101891,2024-07-10,Reliance Fresh,Groceries,277.29,UPI,Gurugram,Expense,-353975.55
101892,10/07/2024,Delhi Metro,Commute,103.67,Net Banking,New Delhi,Expense,-354079.22
101893,2024-07-10,Zomato,Food & Dining,322.44,Net Banking,Noida,Expense,-354401.66
101894,11/07/2024,Ajio,Shopping,1303.98,Cash,Noida,Expense,-355705.64
101895,11/07/2024,Rapido,Transportation,34.83,Credit Card,Mumbai,Expense,-355740.47
101896,2024-07-12,Zerodha,Investment,521.2,Cash,Hyderabad,Expense,-356261.67
101897,2024-07-12,Air India,Travel,4264.29,Cash,Online,Expense,-360525.96
101898,12-Jul-2024,Amazon,Shopping,2392.1,Cash,Hyderabad,Expense,-362918.06
101899,13-Jul-2024,  Zomato ,  Food & Dining ,108.43,Net Banking,  Online ,Expense,-363026.49
101900,13-Jul-2024,Chaayos,Dining,109.25,Cash,Noida,Expense,-363135.74
101901,2024-07-13,Delhi Metro,Transportation,187.47,Net Banking,Noida,Expense,-363323.21
101902,13/07/2024,,Miscellaneous,655.32,UPI,Gurugram,Expense,-363978.53
101903,2024-07-14,Zomato,Food & Dining,310.39,Credit Card,Noida,Expense,-364288.92
101904,2024-07-14,PVR Cinemas,Entertainment,587.29,UPI,Mumbai,Expense,-364876.21
101905,2024-07-14,Campus Canteen,Food & Dining,187.03,Cash,Hyderabad,Expense,-365063.24
101906,2024-07-14,Zomato,Food & Dining,180.3,Debit Card,New Delhi,Expense,-365243.54
101907,14-Jul-2024,Swiggy,Food & Dining,84.44,Cash,Mumbai,Expense,-365327.98
101908,2024-07-15,NETFLIX,Entertainment,180.03,Net Banking,Noida,Expense,-365508.01
101909,15/07/2024,Chaayos,food & dining,315.92,  Cash ,Hyderabad,Expense,-365823.93
101910,15-Jul-2024,Gift Shop,Miscellaneous,536.68,Cash,Gurugram,Expense,-366360.61
101911,15-Jul-2024,Rapido,Transportation,202.56,Cash,New Delhi,Expense,-366563.17
101912,15-Jul-2024,Campus Canteen,Food & Dining,278.23,Debit Card,Noida,Expense,-366841.4
101913,16/07/2024,Chaayos,Food & Dining,237.03,Net Banking,Noida,Expense,-367078.43
101914,16/07/2024,,Transportation,116.39,Cash,Gurugram,Expense,-367194.82
101915,2024-07-17,Delhi Metro,Transportation,144.77,UPI,Noida,Expense,-367339.59
101916,17-Jul-2024,Tata 1mg,Health,1429.73,Debit Card,Mumbai,Expense,-368769.32
101917,18-Jul-2024,Reliance Fresh,Groceries,429.84,Net Banking,Online,Expense,-369199.16
101918,19/07/2024,PRINTING SHOP,Miscellaneous,243.54,Debit Card,Mumbai,Expense,-369442.7
101919,2024-07-19,Ajio,Shopping,587.92,Cash,Hyderabad,Expense,-370030.62
101920,19-Jul-2024,Burger King,Food & Dining,275.14,Credit Card,Gurugram,Expense,-370305.76
101921,19-Jul-2024,Airtel,Bills,802.81,UPI,Noida,Expense,-371108.57
101922,2024-07-20,Hostel Fee,Rent,5225.87,Credit Card,Hyderabad,Expense,-376334.44
101923,2024-07-21,Coursera,Education,1751.27,  UPI ,Gurugram,Expense,-378085.71
101924,2024-07-22,DMart,Groceries,808.06,Net Banking,Mumbai,Expense,-378893.77
101925,22/07/2024,Zerodha,Investment,690.78,Cash,Gurugram,Expense,-379584.55
101926,23-Jul-2024,Campus Canteen,FOOD,117.21,Credit Card,Online,Expense,-379701.76
101927,23/07/2024,Uber,Transportation,199.72,Debit Card,New Delhi,Expense,-379901.48
101928,2024-07-23,Udemy,Education,505.24,Credit Card,Mumbai,Expense,-380406.72
101929,2024-07-23,Chaayos,Food & Dining,293.46,Net Banking,New Delhi,Expense,-380700.18
101930,23/07/2024,Spotify,entertainment,231.36,Net Banking,Online,Expense,-380931.54
101931,23/07/2024,Rapido,Transportation,214.37,Debit Card,Mumbai,Expense,-381145.91
101932,24/07/2024,Burger King,Food & Dining,129.6,Net Banking,New Delhi,Expense,-381275.51
101933,24/07/2024,Domino's,Food,283.0,Credit Card,Mumbai,Expense,-381558.51
101934,2024-07-24,Printing Shop,Miscellaneous,298.49,UPI,Hyderabad,Expense,-381857.0
101935,2024-07-24,Printing Shop,Miscellaneous,667.63,Debit Card,New Delhi,Expense,-382524.63
101936,24-Jul-2024,,Shopping,1417.67,Debit Card,Noida,Expense,-383942.3
101937,2024-07-25,Chaayos,Food & Dining,177.93,Debit Card,New Delhi,Expense,-384120.23
101938,25-Jul-2024,BSES,Utility Bills,675.62,Cash,Noida,Expense,-384795.85
101939,2024-07-25,OYO,Travel,7842.93,Credit Card,New Delhi,Expense,-392638.78
101940,25/07/2024,LeetCode,Education,1242.78,Credit Card,Noida,Expense,-393881.56
101941,26-Jul-2024,Airtel,Bills,647.28,Credit Card,Gurugram,Expense,-394528.84
101942,26-Jul-2024,,Groceries,876.71,,New Delhi,Expense,-395405.55
101942,26/07/2024,,Groceries,876.71,,New Delhi,Expense,-395405.55
101943,26-Jul-2024,Rapido,Transportation,212.85,Credit Card,New Delhi,Expense,-395618.4
101944,26/07/2024,OLA,Transportation,42.9,Net Banking,New Delhi,Expense,-395661.3
101945,2024-07-27,Blinkit,Groceries,631.86,UPI,New Delhi,Expense,-396293.16
101946,27/07/2024,Apollo Pharmacy,Health,1069.54,Net Banking,Hyderabad,Expense,-397362.7
101947,2024-07-27,BSES,Bills,962.71,Net Banking,Noida,Expense,-398325.41
101948,28-Jul-2024,Rapido,Transportation,102.87,UPI,Mumbai,Expense,-398428.28
101949,28/07/2024,Ajio,Shopping,751.87,UPI,Gurugram,Expense,-399180.15
101950,2024-07-28,  Airtel ,  Bills ,1117.65,UPI,  New Delhi ,Expense,-400297.8
101951,2024-07-28,,Shopping,1752.35,Credit Card,Noida,Expense,-402050.15
101951,28-Jul-2024,,Shopping,1752.35,Credit Card,Noida,Expense,-402050.15
101952,01-Aug-2024,IIT Delhi,Salary/Stipend,13765.93,Net Banking,New Delhi,Income,-388284.22
101953,01/08/2024,Hostel Laundry,Bills,1041.71,Debit Card,Noida,Expense,-389325.93
101954,2024-08-01,Gate Academy,Education,612.03,Cash,Gurugram,Expense,-389937.96
101955,01-Aug-2024,Rapido,Transportation,128.98,Credit Card,Online,Expense,-390066.94
101956,2024-08-01,McDonald's,Food & Dining,211.86,Debit Card,Mumbai,Expense,-390278.8
101957,02-Aug-2024,Parents,Family Support,33721.24,Net Banking,Hyderabad,Income,-356557.56
101958,02/08/2024,Ajio,Shopping,695.84,Cash,New Delhi,Expense,-357253.4
101959,02-Aug-2024,BookMyShow,Entertainment,-445.67,Debit Card,Mumbai,Expense,-357699.07
101960,02-Aug-2024,Zomato,FOOD,342.38,UPI,Mumbai,Expense,-358041.45
101961,02/08/2024,Burger King,Food & Dining,94.35,Debit Card,Noida,Expense,-358135.8
101962,2024-08-02,Spotify,Entertainment,110.91,Debit Card,Hyderabad,Expense,-358246.71
101963,02-Aug-2024,Rapido,Transportation,153.52,UPI,Gurugram,Expense,-358400.23
101964,03-Aug-2024,Domino's,Food & Dining,188.06,Cash,Noida,Expense,-358588.29
101965,2024-08-03,DELHI METRO,Transportation,233.19,Cash,Noida,Expense,-358821.48
101966,03/08/2024,Zomato,Food & Dining,165.08,Credit Card,Gurugram,Expense,-358986.56
101967,03/08/2024,Zomato,Food & Dining,343.08,UPI,Hyderabad,Expense,-359329.64
101968,2024-08-03,Chaayos,Food & Dining,287.03,Credit Card,Hyderabad,Expense,-359616.67
101969,04-Aug-2024,Hostel Fee,Rent,5930.64,UPI,New Delhi,Expense,-365547.31
101970,04/08/2024,BSES,utilities,679.99,  Net Banking ,Mumbai,Expense,-366227.3
101971,04/08/2024,Hostel Fee,Rent,5131.86,Credit Card,Hyderabad,Expense,-371359.16
101972,04/08/2024,Reliance Fresh,Groceries,230.38,UPI,Online,Expense,-371589.54
101973,04-Aug-2024,  Gift Shop ,  Miscellaneous ,675.63,Cash,  Hyderabad ,Expense,-372265.17
101974,2024-08-04,Burger King,Food & Dining,121.32,UPI,Noida,Expense,-372386.49
101975,05/08/2024,Rapido,Transportation,59.18,UPI,Noida,Expense,-372445.67
101976,05-Aug-2024,DMart,Groceries,275.48,UPI,Gurugram,Expense,-372721.15
101977,05/08/2024,Myntra,Shopping,362.28,Debit Card,Hyderabad,Expense,-373083.43
101978,05-Aug-2024,STATIONERY,Others,626.66,Debit Card,Noida,Expense,-373710.09
101979,05-Aug-2024,Gift Shop,Miscellaneous,199.63,Net Banking,Noida,Expense,-373909.72
101980,05-Aug-2024,LeetCode,Education,1707.27,Debit Card,Mumbai,Expense,-375616.99
101981,2024-08-06,Ola,Transportation,166.33,Credit Card,Noida,Expense,-375783.32
101982,07/08/2024,Burger King,Food & Dining,183.42,Debit Card,Gurugram,Expense,-375966.74
101983,07-Aug-2024,McDonald's,Food & Dining,301.0,UPI,Gurugram,Expense,-376267.74
101984,07-Aug-2024,Groww,Investment,1190.62,Net Banking,Hyderabad,Expense,-377458.36
101985,07/08/2024,Blinkit,Groceries,674.72,Cash,Gurugram,Expense,-378133.08
101986,08/08/2024,DMart,Groceries,746.43,Cash,Gurugram,Expense,-378879.51
101987,2024-08-08,Uber,Transportation,188.1,Debit Card,Gurugram,Expense,-379067.61
101988,08-Aug-2024,Burger King,Food & Dining,107.28,Cash,Online,Expense,-379174.89
101989,08/08/2024,Chaayos,Food & Dining,331.89,Cash,Online,Expense,-379506.78
101990,09/08/2024,Apollo Pharmacy,Health,1575.63,UPI,New Delhi,Expense,-381082.41
101991,09/08/2024,Delhi Metro,Transportation,227.96,Net Banking,Gurugram,Expense,-381310.37
101992,10/08/2024,Groww,Investment,2480.85,UPI,Online,Expense,-383791.22
101993,10/08/2024,Hostel Laundry,Bills,830.75,Debit Card,New Delhi,Expense,-384621.97
101994,2024-08-10,DMart,Groceries,574.18,Cash,Noida,Expense,-385196.15
101995,10-Aug-2024,Ajio,Shopping,583.37,UPI,Hyderabad,Expense,-385779.52
101996,11/08/2024,Netflix,Entertainment,185.61,Debit Card,Noida,Expense,-385965.13
101997,11-Aug-2024,NPS,Investment,687.61,Net Banking,Online,Expense,-386652.74
101998,11-Aug-2024,Tata 1mg,Health,693.04,Net Banking,Online,Expense,-387345.78
101999,11/08/2024,Chaayos,Food & Dining,197.67,Net Banking,Noida,Expense,-387543.45
102000,12/08/2024,Rapido,Transportation,92.95,UPI,Hyderabad,Expense,-387636.4
102001,13/08/2024,  Netflix ,  Entertainment ,235.69,Debit Card,  Mumbai ,Expense,-387872.09
102002,2024-08-13,McDonald's,Food & Dining,112.89,Credit Card,Noida,Expense,-387984.98
102003,14-Aug-2024,Campus Canteen,Food & Dining,321.02,Cash,Gurugram,Expense,-388306.0
102004,14/08/2024,Uber,Transportation,221.46,Credit Card,Hyderabad,Expense,-388527.46
102005,2024-08-14,Rapido,Transportation,116.72,UPI,Hyderabad,Expense,-388644.18
102006,15/08/2024,Udemy,Education,2102.55,UPI,Hyderabad,Expense,-390746.73
102007,15/08/2024,Chaayos,Food & Dining,178.18,Net Banking,Hyderabad,Expense,-390924.91
102008,15-Aug-2024,Stationery,Miscellaneous,240.15,Debit Card,Gurugram,Expense,-391165.06
102009,15/08/2024,Printing Shop,Miscellaneous,724.42,Credit Card,Gurugram,Expense,-391889.48
102010,16/08/2024,Myntra,Shopping,1005.27,Net Banking,Gurugram,Expense,-392894.75
102011,16-Aug-2024,Campus Canteen,Food & Dining,158.46,Debit Card,New Delhi,Expense,-393053.21
102012,16-Aug-2024,MakeMyTrip,Travel,747.09,Credit Card,New Delhi,Expense,-393800.3
102013,2024-08-17,Burger King,Food & Dining,239.44,Debit Card,Gurugram,Expense,-394039.74
102014,2024-08-17,Domino's,food & dining,215.59,UPI,Online,Expense,-394255.33
102015,17/08/2024,BookMyShow,entertainment,165.97,Debit Card,Mumbai,Expense,-394421.3
102016,17-Aug-2024,,Food & Dining,237.85,UPI,Mumbai,Expense,-394659.15
102017,18-Aug-2024,Amazon,Shopping,1156.32,Debit Card,Mumbai,Expense,-395815.47
102018,2024-08-19,Uber,Transport,108.06,Debit Card,New Delhi,Expense,-395923.53
102019,19-Aug-2024,,Transport,54.04,Cash,Mumbai,Expense,-395977.57
102020,19/08/2024,McDonald's,Food & Dining,222.45,Cash,Gurugram,Expense,-396200.02
102021,19-Aug-2024,Printing Shop,Miscellaneous,763.62,UPI,Noida,Expense,-396963.64
102022,19-Aug-2024,Campus Canteen,Food & Dining,301.11,Debit Card,Noida,Expense,-397264.75
102023,19-Aug-2024,HOSTEL FEE,Rent,4795.09,Debit Card,Noida,Expense,-402059.84
102024,2024-08-19,Rapido,Transportation,39.69,Net Banking,Noida,Expense,-402099.53
102025,19-Aug-2024,LeetCode,Education,2030.59,  Credit Card ,Hyderabad,Expense,-404130.12
102026,2024-08-19,Rapido,Transportation,43.0,Debit Card,Mumbai,Expense,-404173.12
102027,2024-08-20,Delhi Metro,Transportation,122.62,Debit Card,Hyderabad,Expense,-404295.74
102028,20-Aug-2024,  Chaayos ,  FOOD ,190.65,Net Banking,  Gurugram ,Expense,-404486.39
102029,20/08/2024,Delhi Metro,Transportation,112.62,Net Banking,Hyderabad,Expense,-404599.01
102030,2024-08-21,PhonePe Rewards,Cashback,242.08,UPI,Online,Income,-404356.93
102031,21/08/2024,IRCTC,Travel,4301.36,Debit Card,Hyderabad,Expense,-408658.29
102032,2024-08-21,Rapido,Transportation,42.5,Cash,Noida,Expense,-408700.79
102033,21-Aug-2024,  Domino's ,  Food & Dining ,134.97,Net Banking,  Gurugram ,Expense,-408835.76
102034,21-Aug-2024,Swiggy,Food & Dining,304.07,Debit Card,Hyderabad,Expense,-409139.83
102035,2024-08-22,Delhi Metro,Transportation,36.71,Debit Card,Noida,Expense,-409176.54
102036,22-Aug-2024,Burger King,Food & Dining,87.72,Cash,Gurugram,Expense,-409264.26
102037,2024-08-22,DMart,Groceries,475.17,Credit Card,New Delhi,Expense,-409739.43
102038,22-Aug-2024,IndiGo,Travel,6950.74,Debit Card,Online,Expense,-416690.17
102039,2024-08-22,  Apollo Pharmacy ,  Health ,350.12,Net Banking,  Gurugram ,Expense,-417040.29
102040,22/08/2024,BigBasket,Groceries,384.95,Cash,Gurugram,Expense,-417425.24
102041,23-Aug-2024,McDonald's,Food & Dining,235.95,Debit Card,Noida,Expense,-417661.19
102042,24-Aug-2024,Hostel Fee,Rent,5792.08,Credit Card,Noida,Expense,-423453.27
102043,2024-08-24,Campus Canteen,Food & Dining,265.16,UPI,Noida,Expense,-423718.43
102044,24-Aug-2024,McDonald's,Food & Dining,118.92,Credit Card,Noida,Expense,-423837.35
102045,2024-08-25,SBI Savings,Interest,114.98,Net Banking,New Delhi,Income,-423722.37
102046,25-Aug-2024,Printing Shop,Miscellaneous,718.53,Net Banking,Online,Expense,-424440.9
102047,26-Aug-2024,Delhi Metro,Transportation,46.37,Cash,Noida,Expense,-424487.27
102048,26/08/2024,Domino's,Food & Dining,275.51,Net Banking,New Delhi,Expense,-424762.78
102049,26/08/2024,Rapido,Commute,21.37,UPI,New Delhi,Expense,-424784.15
102050,2024-08-26,Uber,Transportation,108.74,Cash,Online,Expense,-424892.89
102051,27/08/2024,Chaayos,Food & Dining,206.87,Cash,Mumbai,Expense,-425099.76
102052,27-Aug-2024,Swiggy,Food & Dining,140.48,Credit Card,New Delhi,Expense,-425240.24
102053,27/08/2024,Stationery,misc,314.76,Credit Card,Mumbai,Expense,-425555.0
102054,27-Aug-2024,Delhi Metro,Transportation,70.57,  Cash ,Noida,Expense,-425625.57
102055,27/08/2024,Burger King,Dining,207.91,Cash,Online,Expense,-425833.48
102056,27-Aug-2024,Ajio,SHOPPING,1480.12,Net Banking,New Delhi,Expense,-427313.6
102057,28-Aug-2024,PRINTING SHOP,Miscellaneous,541.47,UPI,Noida,Expense,-427855.07
102058,01/09/2024,IIT Delhi,Salary/Stipend,17776.78,Net Banking,New Delhi,Income,-410078.29
102059,2024-09-01,Flipkart,shopping,402.03,Credit Card,New Delhi,Expense,-410480.32
102060,02-Sep-2024,Parents,Family Support,42648.48,Net Banking,Hyderabad,Income,-367831.84
102061,02/09/2024,GROWW,Investment,1176.27,UPI,Online,Expense,-369008.11
102062,02-Sep-2024,Ola,transportation,98.92,Credit Card,New Delhi,Expense,-369107.03
102063,02/09/2024,Zomato,Food & Dining,95.36,Cash,Noida,Expense,-369202.39
102064,03-Sep-2024,Uber,Transportation,106.51,Credit Card,,Expense,-369308.9
102065,2024-09-03,Spotify,Entertainment,765.68,Net Banking,Gurugram,Expense,-370074.58
102066,2024-09-03,Ajio,Shopping,1782.29,Debit Card,Noida,Expense,-371856.87
102067,03-Sep-2024,Zerodha,Investment,1524.81,Net Banking,Hyderabad,Expense,-373381.68
102068,03-Sep-2024,PVR Cinemas,Entertainment,255.71,Credit Card,Hyderabad,Expense,-373637.39
102069,04/09/2024,Hostel Fee,Rent,5189.22,UPI,New Delhi,Expense,-378826.61
102070,2024-09-04,Burger King,Food & Dining,268.33,Cash,Gurugram,Expense,-379094.94
102071,04-Sep-2024,Airtel,Bills,626.57,UPI,Gurugram,Expense,-379721.51
102072,2024-09-04,Swiggy,Food & Dining,143.37,Net Banking,Online,Expense,-379864.88
102073,04-Sep-2024,  Netflix ,  Entertainment ,339.1,Cash,  Online ,Expense,-380203.98
102074,2024-09-04,Gift Shop,Miscellaneous,739.39,Cash,Online,Expense,-380943.37
102075,05-Sep-2024,Apollo Pharmacy,Health,1362.85,Cash,New Delhi,Expense,-382306.22
102076,2024-09-05,Printing Shop,Others,792.45,Net Banking,Online,Expense,-383098.67
102077,05/09/2024,Uber,Transportation,194.18,Credit Card,Online,Expense,-383292.85
102078,2024-09-06,BSES,Bills,1024.75,UPI,Mumbai,Expense,-384317.6
102079,2024-09-06,Delhi Metro,Transportation,220.66,UPI,Hyderabad,Expense,-384538.26
102080,07-Sep-2024,Amazon,SHOPPING,2069.51,Net Banking,New Delhi,Expense,-386607.77
102081,07/09/2024,Airtel,Utility Bills,835.52,,New Delhi,Expense,-387443.29
102082,2024-09-07,LeetCode,Education,430.66,UPI,Noida,Expense,-387873.95
102083,07/09/2024,Rapido,Transportation,-30.22,Credit Card,Mumbai,Expense,-387904.17
102084,07/09/2024,Domino's,Food & Dining,100.91,Net Banking,Gurugram,Expense,-388005.08
102085,2024-09-07,Myntra,shopping,308.0,Net Banking,Online,Expense,-388313.08
102086,08-Sep-2024,Reliance Fresh,Groceries,659.14,Credit Card,Online,Expense,-388972.22
102087,08-Sep-2024,Uber,Transportation,47.12,Net Banking,Hyderabad,Expense,-389019.34
102088,2024-09-08,Reliance Fresh,Groceries,894.46,UPI,Gurugram,Expense,-389913.8
102089,2024-09-08,Uber,Transportation,147.28,Debit Card,Gurugram,Expense,-390061.08
102090,2024-09-08,Delhi Metro,Transportation,76.13,Credit Card,Online,Expense,-390137.21
102091,2024-09-09,Chaayos,Food & Dining,292.42,Cash,Noida,Expense,-390429.63
102092,2024-09-09,Chaayos,Dining,112.61,Net Banking,Mumbai,Expense,-390542.24
102093,09/09/2024,Rapido,Transportation,47.27,Cash,Noida,Expense,-390589.51
102094,2024-09-09,  Coursera ,  Education ,934.65,Credit Card,  Mumbai ,Expense,-391524.16
102095,2024-09-09,Uber,Transportation,218.84,Debit Card,New Delhi,Expense,-391743.0
102096,2024-09-10,Delhi Metro,Transportation,71.52,Cash,Mumbai,Expense,-391814.52
102097,10-Sep-2024,Uber,Transportation,32.02,Net Banking,Gurugram,Expense,-391846.54
102098,2024-09-10,Uber,Transportation,236.77,Credit Card,Gurugram,Expense,-392083.31
102099,2024-09-11,Uber,Transportation,160.38,Cash,Noida,Expense,-392243.69
102100,11/09/2024,Gift Shop,Miscellaneous,440.25,Credit Card,Hyderabad,Expense,-392683.94
102101,11/09/2024,Uber,Transportation,209.68,UPI,New Delhi,Expense,-392893.62
102102,2024-09-12,BigBasket,Groceries,377.04,Credit Card,Hyderabad,Expense,-393270.66
102103,12/09/2024,Domino's,Food & Dining,243.88,Cash,Mumbai,Expense,-393514.54
102104,13/09/2024,Tata 1mg,Health,1196.73,Net Banking,Mumbai,Expense,-394711.27
102105,13-Sep-2024,McDonald's,FOOD,310.74,UPI,Online,Expense,-395022.01
102106,13/09/2024,Printing Shop,Miscellaneous,754.95,UPI,Mumbai,Expense,-395776.96
102107,2024-09-13,Udemy,Education,1079.61,Debit Card,New Delhi,Expense,-396856.57
102108,14-Sep-2024,Campus Project,Freelance,11835.78,Net Banking,Hyderabad,Income,-385020.79
102109,14-Sep-2024,Amazon Pay,Cashback,203.66,UPI,Hyderabad,Income,-384817.13
102110,14/09/2024,Stationery,misc,338.06,UPI,Hyderabad,Expense,-385155.19
102111,14/09/2024,Gift Shop,misc,74.21,,Gurugram,Expense,-385229.4
102112,14/09/2024,Blinkit,Groceries,637.75,Debit Card,Noida,Expense,-385867.15
102113,14/09/2024,Airtel,Bills,712.27,Net Banking,New Delhi,Expense,-386579.42
102114,2024-09-15,Uber,Commute,-51.69,Net Banking,Gurugram,Expense,-386631.11
102115,15/09/2024,Stationery,Miscellaneous,537.43,UPI,Online,Expense,-387168.54
102116,15/09/2024,DMart,Groceries,479.93,Debit Card,Online,Expense,-387648.47
102117,15-Sep-2024,BookMyShow,Entertainment,348.47,Cash,Mumbai,Expense,-387996.94
102118,16-Sep-2024,Burger King,Food & Dining,177.82,Credit Card,Online,Expense,-388174.76
102119,16/09/2024,Reliance Fresh,Groceries,261.3,Credit Card,Online,Expense,-388436.06
102120,16-Sep-2024,Flipkart,Shopping,900.91,Credit Card,Mumbai,Expense,-389336.97
102121,17-Sep-2024,  Chaayos ,  Food & Dining ,271.3,Net Banking,  Gurugram ,Expense,-389608.27
102122,17-Sep-2024,ZOMATO,Food & Dining,117.03,Debit Card,Mumbai,Expense,-389725.3
102123,2024-09-17,Netflix,Entertainment,741.44,Credit Card,New Delhi,Expense,-390466.74
102124,18-Sep-2024,Uber,Transportation,113.85,Debit Card,Noida,Expense,-390580.59
102125,18/09/2024,Coursera,Education,1001.49,UPI,Gurugram,Expense,-391582.08
102126,2024-09-18,Ola,Transportation,42.07,UPI,Hyderabad,Expense,-391624.15
102127,18/09/2024,Udemy,Education,2411.68,UPI,Online,Expense,-394035.83
102128,19/09/2024,SBI Savings,Interest,453.22,Net Banking,Hyderabad,Income,-393582.61
102129,19/09/2024,Domino's,Food & Dining,167.5,Net Banking,Hyderabad,Expense,-393750.11
102130,2024-09-19,DMart,Groceries,754.25,Debit Card,New Delhi,Expense,-394504.36
102131,19/09/2024,Ajio,Shopping,858.17,Debit Card,New Delhi,Expense,-395362.53
102132,19-Sep-2024,Swiggy,Food & Dining,331.18,UPI,Hyderabad,Expense,-395693.71
102133,19/09/2024,Spotify,Entertainment,385.33,Net Banking,Gurugram,Expense,-396079.04
102134,19/09/2024,Delhi Metro,transportation,136.99,UPI,Noida,Expense,-396216.03
102135,19-Sep-2024,Rapido,transportation,98.46,Debit Card,Gurugram,Expense,-396314.49
102136,2024-09-20,BSES,Bills,1038.51,Cash,Hyderabad,Expense,-397353.0
102137,20/09/2024,Groww,Investment,1995.37,Net Banking,Online,Expense,-399348.37
102138,20-Sep-2024,,Transportation,92.25,Debit Card,Noida,Expense,-399440.62
102138,20-Sep-2024,,Transport,92.25,Debit Card,Noida,Expense,-399440.62
102139,20-Sep-2024,Gate Academy,Education,1852.1,Debit Card,New Delhi,Expense,-401292.72
102140,20-Sep-2024,Delhi Metro,Transportation,110.76,Debit Card,Gurugram,Expense,-401403.48
102141,20/09/2024,BigBasket,Groceries,581.35,UPI,Gurugram,Expense,-401984.83
102142,21-Sep-2024,Reliance Fresh,Groceries,249.91,Credit Card,Gurugram,Expense,-402234.74
102143,21/09/2024,Stationery,Others,335.82,UPI,Noida,Expense,-402570.56
102144,2024-09-21,Blinkit,Groceries,898.36,Net Banking,Mumbai,Expense,-403468.92
102145,21/09/2024,Hostel Laundry,utilities,506.86,Cash,Gurugram,Expense,-403975.78
102146,2024-09-22,Domino's,Food & Dining,291.94,  Cash ,New Delhi,Expense,-404267.72
102147,22/09/2024,Gift Shop,Others,424.58,Debit Card,Noida,Expense,-404692.3
102148,2024-09-22,Airtel,utilities,517.33,Net Banking,Online,Expense,-405209.63
102149,22/09/2024,Delhi Metro,Transportation,185.9,Net Banking,Online,Expense,-405395.53
102150,22/09/2024,Burger King,Food & Dining,90.4,Cash,Hyderabad,Expense,-405485.93
102151,23-Sep-2024,Zomato,Food,286.73,Cash,Mumbai,Expense,-405772.66
102152,2024-09-23,Practo,Health,449.96,Debit Card,Noida,Expense,-406222.62
102153,2024-09-23,Chaayos,Food & Dining,164.54,Net Banking,Hyderabad,Expense,-406387.16
102154,2024-09-23,Ola,Transportation,243.65,Cash,Mumbai,Expense,-406630.81
102155,24-Sep-2024,IndiGo,Travel,6602.46,UPI,Noida,Expense,-413233.27
102156,24-Sep-2024,Swiggy,Food & Dining,90.1,Cash,Gurugram,Expense,-413323.37
102157,24-Sep-2024,Printing Shop,Miscellaneous,768.31,Net Banking,Online,Expense,-414091.68
102158,2024-09-24,Airtel,Bills,349.84,UPI,Mumbai,Expense,-414441.52
102159,24/09/2024,Reliance Fresh,Groceries,242.06,UPI,Noida,Expense,-414683.58
102160,24/09/2024,Chaayos,Food & Dining,87.38,Net Banking,Online,Expense,-414770.96
102161,24-Sep-2024,Amazon,Shopping,2010.88,UPI,Hyderabad,Expense,-416781.84
102162,24/09/2024,  Uber ,  Transportation ,124.3,Debit Card,  New Delhi ,Expense,-416906.14
102163,2024-09-25,Chaayos,Food & Dining,94.95,Credit Card,Hyderabad,Expense,-417001.09
102164,25-Sep-2024,Tata 1mg,Health,1647.09,Debit Card,Hyderabad,Expense,-418648.18
102165,25/09/2024,Delhi Metro,Transportation,185.42,Credit Card,Online,Expense,-418833.6
102166,2024-09-26,,Miscellaneous,636.82,UPI,New Delhi,Expense,-419470.42
102167,26/09/2024,Swiggy,Food & Dining,317.19,Net Banking,Online,Expense,-419787.61
102168,27/09/2024,McDonald's,Food & Dining,136.02,Net Banking,Gurugram,Expense,-419923.63
102169,27-Sep-2024,Delhi Metro,transportation,171.98,Credit Card,Online,Expense,-420095.61
102170,27-Sep-2024,Spotify,Entertainment,260.83,Net Banking,Noida,Expense,-420356.44
102171,27/09/2024,BookMyShow,Fun,464.63,Debit Card,New Delhi,Expense,-420821.07
102172,2024-09-28,Ola,Transportation,226.94,UPI,Online,Expense,-421048.01
102173,28-Sep-2024,,Food & Dining,127.11,UPI,Noida,Expense,-421175.12
102174,28/09/2024,Domino's,food & dining,308.13,Net Banking,Mumbai,Expense,-421483.25
102175,2024-10-01,IIT Delhi,Salary/Stipend,14600.27,Net Banking,New Delhi,Income,-406882.98
102176,2024-10-01,Stationery,Miscellaneous,599.48,Net Banking,Hyderabad,Expense,-407482.46
102177,01-Oct-2024,LeetCode,Education,1219.92,UPI,Online,Expense,-408702.38
102178,2024-10-01,BigBasket,Groceries,772.06,Cash,Noida,Expense,-409474.44
102179,01-Oct-2024,Domino's,Food & Dining,98.1,Credit Card,Noida,Expense,-409572.54
102180,01-Oct-2024,Udemy,Education,760.47,Credit Card,New Delhi,Expense,-410333.01
102181,2024-10-01,Chaayos,Food & Dining,234.49,Cash,Hyderabad,Expense,-410567.5
102182,01-Oct-2024,Ola,Transportation,164.12,UPI,Noida,Expense,-410731.62
102183,02/10/2024,Parents,Family Support,28807.97,Net Banking,Hyderabad,Income,-381923.65
102184,2024-10-02,Delhi Metro,Transportation,79.96,Cash,Mumbai,Expense,-382003.61
102185,02-Oct-2024,Domino's,Food & Dining,251.79,Cash,Online,Expense,-382255.4
102186,2024-10-02,Ola,Commute,226.07,Net Banking,Online,Expense,-382481.47
102187,03/10/2024,Reliance Fresh,Groceries,644.53,UPI,Mumbai,Expense,-383126.0
102188,03/10/2024,Flipkart,SHOPPING,1677.53,Credit Card,Mumbai,Expense,-384803.53
102189,03-Oct-2024,McDonald's,Food & Dining,198.69,Debit Card,Hyderabad,Expense,-385002.22
102190,04-Oct-2024,Hostel Fee,Rent,4923.9,UPI,New Delhi,Expense,-389926.12
102191,04/10/2024,Ola,Transportation,172.36,  Cash ,Gurugram,Expense,-390098.48
102192,04-Oct-2024,Flipkart,Shopping,3865.11,Cash,Hyderabad,Expense,-393963.59
102193,04-Oct-2024,Swiggy,Dining,305.2,Cash,Mumbai,Expense,-394268.79
102194,05-Oct-2024,Apollo Pharmacy,Health,1145.37,Cash,New Delhi,Expense,-395414.16
102195,2024-10-05,Campus Canteen,Food,321.45,Credit Card,,Expense,-395735.61
102196,05/10/2024,Campus Canteen,Dining,285.55,Debit Card,New Delhi,Expense,-396021.16
102197,05-Oct-2024,NPS,Investment,1963.06,Net Banking,Noida,Expense,-397984.22
102198,2024-10-06,Campus Canteen,Food & Dining,327.86,UPI,Noida,Expense,-398312.08
102199,07-Oct-2024,Campus Canteen,Food & Dining,230.59,Credit Card,New Delhi,Expense,-398542.67
102200,07-Oct-2024,Rapido,Transportation,161.9,Debit Card,Noida,Expense,-398704.57
102201,07/10/2024,Tata 1mg,Health,1792.25,Debit Card,Hyderabad,Expense,-400496.82
102202,2024-10-07,Jio,Bills,1091.63,,New Delhi,Expense,-401588.45
102203,08/10/2024,Myntra Refund,Refund,387.72,UPI,New Delhi,Income,-401200.73
102204,08/10/2024,Uber,Transportation,147.18,UPI,New Delhi,Expense,-401347.91
102205,2024-10-08,Campus Canteen,Food & Dining,161.4,Credit Card,New Delhi,Expense,-401509.31
102206,2024-10-08,Gate Academy,Education,1473.05,UPI,Online,Expense,-402982.36
102207,08/10/2024,Stationery,misc,474.98,  Cash ,Gurugram,Expense,-403457.34
102208,09-Oct-2024,DMart,Groceries,159.75,Debit Card,Mumbai,Expense,-403617.09
102209,09/10/2024,Ola,Transportation,86.03,Net Banking,Gurugram,Expense,-403703.12
102210,09/10/2024,Ola,Transportation,212.11,Credit Card,Gurugram,Expense,-403915.23
102211,2024-10-10,Amazon Pay,Cashback,184.18,UPI,Online,Income,-403731.05
102212,10-Oct-2024,Reliance Fresh,Groceries,865.75,Debit Card,Mumbai,Expense,-404596.8
102213,2024-10-10,Chaayos,Food & Dining,132.01,Cash,Hyderabad,Expense,-404728.81
102214,2024-10-10,Uber,transportation,128.49,Credit Card,Hyderabad,Expense,-404857.3
102215,2024-10-11,BookMyShow,Movies,283.12,Cash,Online,Expense,-405140.42
102216,11/10/2024,Campus Canteen,Food & Dining,204.98,Credit Card,Noida,Expense,-405345.4
102217,11/10/2024,Stationery,Miscellaneous,453.3,UPI,Hyderabad,Expense,-405798.7
102218,2024-10-11,BSES,Bills,-942.66,Net Banking,Mumbai,Expense,-406741.36
102219,2024-10-11,Swiggy,Food & Dining,238.27,Debit Card,Gurugram,Expense,-406979.63
102220,11/10/2024,Printing Shop,Miscellaneous,603.09,Debit Card,Mumbai,Expense,-407582.72
102221,12-Oct-2024,Chaayos,Food & Dining,270.28,Net Banking,New Delhi,Expense,-407853.0
102222,12-Oct-2024,Printing Shop,Miscellaneous,438.99,Credit Card,Noida,Expense,-408291.99
102223,2024-10-12,Reliance Fresh,Groceries,267.34,Debit Card,Mumbai,Expense,-408559.33
102224,13/10/2024,Ola,Transportation,80.51,Debit Card,Online,Expense,-408639.84
102225,2024-10-13,BigBasket,Groceries,747.56,,Online,Expense,-409387.4
102226,13/10/2024,Printing Shop,Miscellaneous,310.68,Credit Card,Online,Expense,-409698.08
102227,2024-10-13,Chaayos,food & dining,343.3,Credit Card,Online,Expense,-410041.38
102228,2024-10-14,Amazon,Shopping,3136.85,Debit Card,Gurugram,Expense,-413178.23
102229,14/10/2024,Delhi Metro,Transportation,71.12,Cash,Gurugram,Expense,-413249.35
102230,15-Oct-2024,NPS,Investment,1089.35,Cash,Hyderabad,Expense,-414338.7
102231,15-Oct-2024,  Netflix ,  Entertainment ,216.34,UPI,  Online ,Expense,-414555.04
102232,15/10/2024,Chaayos,Food & Dining,178.74,Debit Card,Mumbai,Expense,-414733.78
102233,2024-10-15,DMart,Groceries,238.29,Net Banking,Online,Expense,-414972.07
102234,16-Oct-2024,Burger King,Food & Dining,231.85,Cash,Gurugram,Expense,-415203.92
102235,16/10/2024,Airtel,utilities,639.33,UPI,Gurugram,Expense,-415843.25
102236,17-Oct-2024,  Jio ,  Bills ,197.58,UPI,  Online ,Expense,-416040.83
102237,2024-10-17,BookMyShow,Entertainment,468.59,Cash,New Delhi,Expense,-416509.42
102238,2024-10-17,Blinkit,Groceries,619.62,Credit Card,Mumbai,Expense,-417129.04
102239,2024-10-17,Rapido,Transportation,197.65,Credit Card,New Delhi,Expense,-417326.69
102240,2024-10-18,Zomato,Food & Dining,316.42,UPI,Hyderabad,Expense,-417643.11
102241,2024-10-18,Airtel,Bills,242.14,UPI,Online,Expense,-417885.25
102242,18-Oct-2024,BookMyShow,Entertainment,579.76,Debit Card,Noida,Expense,-418465.01
102243,19-Oct-2024,Tata 1mg,Health,262.45,Credit Card,Hyderabad,Expense,-418727.46
102244,19-Oct-2024,Swiggy,Food & Dining,128.15,Credit Card,Hyderabad,Expense,-418855.61
102245,2024-10-20,Flipkart,Shopping,3304.2,UPI,Gurugram,Expense,-422159.81
102246,20/10/2024,Chaayos,Food & Dining,118.16,Cash,Hyderabad,Expense,-422277.97
102247,20/10/2024,BigBasket,Groceries,303.35,Net Banking,Hyderabad,Expense,-422581.32
102248,20/10/2024,Zomato,Food & Dining,92.02,Net Banking,Online,Expense,-422673.34
102249,21-Oct-2024,Blinkit,Groceries,224.76,Cash,Gurugram,Expense,-422898.1
102250,21/10/2024,Delhi Metro,Transport,149.53,Debit Card,Noida,Expense,-423047.63
102251,2024-10-21,Jio,Bills,508.79,Credit Card,Gurugram,Expense,-423556.42
102252,22-Oct-2024,Hostel Fee,Rent,5579.91,Net Banking,Gurugram,Expense,-429136.33
102253,23-Oct-2024,Flipkart,Shopping,1612.62,Debit Card,Gurugram,Expense,-430748.95
102254,23-Oct-2024,RAPIDO,Transportation,198.0,Debit Card,Gurugram,Expense,-430946.95
102255,23/10/2024,BigBasket,Groceries,182.94,Debit Card,Mumbai,Expense,-431129.89
102256,24-Oct-2024,DMart,Groceries,704.76,UPI,Online,Expense,-431834.65
102257,24-Oct-2024,Domino's,Food & Dining,346.29,Net Banking,New Delhi,Expense,-432180.94
102258,2024-10-24,Jio,Bills,606.38,Debit Card,Mumbai,Expense,-432787.32
102259,25/10/2024,,transportation,70.35,Cash,Online,Expense,-432857.67
102259,25-Oct-2024,NAN,Transportation,70.35,Cash,Online,Expense,-432857.67
102260,25/10/2024,Printing Shop,misc,763.59,UPI,Online,Expense,-433621.26
102261,2024-10-25,Stationery,Miscellaneous,331.76,Credit Card,Hyderabad,Expense,-433953.02
102262,25/10/2024,Gift Shop,Others,325.46,Debit Card,Hyderabad,Expense,-434278.48
102263,26/10/2024,Rapido,Transportation,48.44,Cash,Noida,Expense,-434326.92
102264,27-Oct-2024,Ola,Transport,190.32,UPI,Gurugram,Expense,-434517.24
102265,27-Oct-2024,Ajio,Shopping,2810.25,Cash,Mumbai,Expense,-437327.49
102266,27/10/2024,NPS,Investment,1507.93,UPI,New Delhi,Expense,-438835.42
102267,2024-10-27,Swiggy,Food & Dining,281.64,Debit Card,Gurugram,Expense,-439117.06
102268,2024-10-28,Rapido,Transportation,69.47,UPI,Hyderabad,Expense,-439186.53
102269,2024-10-28,Amazon,shopping,2983.48,Net Banking,Mumbai,Expense,-442170.01
102270,28/10/2024,Stationery,Miscellaneous,499.05,Debit Card,Mumbai,Expense,-442669.06
102271,28-Oct-2024,Printing Shop,Miscellaneous,285.68,Debit Card,Noida,Expense,-442954.74
102272,01/11/2024,IIT Delhi,Salary/Stipend,17962.53,Net Banking,New Delhi,Income,-424992.21
102273,01/11/2024,Zomato,Food & Dining,97.5,Net Banking,Online,Expense,-425089.71
102274,01/11/2024,DMart,Groceries,871.86,Cash,Hyderabad,Expense,-425961.57
102275,02-Nov-2024,Parents,Family Support,31938.43,Net Banking,Hyderabad,Income,-394023.14
102276,2024-11-03,Jio,Bills,926.85,Credit Card,Online,Expense,-394949.99
102277,2024-11-03,Netflix,Entertainment,274.04,Credit Card,Mumbai,Expense,-395224.03
102278,2024-11-03,Printing Shop,Miscellaneous,478.48,Cash,Hyderabad,Expense,-395702.51
102279,2024-11-03,Hostel Fee,Rent,5793.25,Debit Card,Mumbai,Expense,-401495.76
102280,2024-11-04,Hostel Fee,Rent,4779.64,UPI,New Delhi,Expense,-406275.4
102281,2024-11-04,,Groceries,402.5,Debit Card,Gurugram,Expense,-406677.9
102282,04-Nov-2024,Rapido,Transport,190.67,Net Banking,Gurugram,Expense,-406868.57
102283,2024-11-04,Delhi Metro,Transportation,28.19,UPI,Hyderabad,Expense,-406896.76
102284,04-Nov-2024,PVR Cinemas,entertainment,247.06,UPI,Online,Expense,-407143.82
102285,2024-11-05,Groww,Investment,1919.97,Debit Card,New Delhi,Expense,-409063.79
102286,05/11/2024,Rapido,Transportation,209.2,Cash,Noida,Expense,-409272.99
102287,05-Nov-2024,Ola,Transportation,28.22,Net Banking,Gurugram,Expense,-409301.21
102288,07-Nov-2024,Ola,Transportation,137.61,Cash,Gurugram,Expense,-409438.82
102289,08/11/2024,Chaayos,food & dining,330.83,Net Banking,New Delhi,Expense,-409769.65
102290,08-Nov-2024,Ola,Transportation,38.49,Cash,New Delhi,Expense,-409808.14
102291,08/11/2024,DMart,Groceries,790.68,Debit Card,Hyderabad,Expense,-410598.82
102292,08/11/2024,Swiggy,food & dining,271.43,Net Banking,Gurugram,Expense,-410870.25
102293,2024-11-08,LeetCode,Education,1381.47,Debit Card,Gurugram,Expense,-412251.72
102294,09-Nov-2024,Domino's,FOOD,213.23,Cash,Mumbai,Expense,-412464.95
102295,2024-11-09,Campus Canteen,Food & Dining,336.6,UPI,Online,Expense,-412801.55
102296,10-Nov-2024,Burger King,Food & Dining,124.92,Net Banking,Noida,Expense,-412926.47
102297,10/11/2024,Rapido,Commute,95.24,Net Banking,Online,Expense,-413021.71
102298,2024-11-10,Gift Shop,Miscellaneous,369.28,  Cash ,Mumbai,Expense,-413390.99
102299,11-Nov-2024,Google Pay Rewards,Cashback,236.55,  UPI ,New Delhi,Income,-413154.44
102300,2024-11-11,McDonald's,Food,180.77,Cash,Gurugram,Expense,-413335.21
102301,2024-11-11,Delhi Metro,Transport,-157.83,UPI,Mumbai,Expense,-413493.04
102302,2024-11-11,Spotify,Entertainment,761.84,Credit Card,Hyderabad,Expense,-414254.88
102303,2024-11-12,Uber,transportation,44.06,Credit Card,Online,Expense,-414298.94
102304,12/11/2024,Domino's,Dining,143.49,Net Banking,New Delhi,Expense,-414442.43
102305,2024-11-12,Swiggy,Food,212.2,  Net Banking ,Mumbai,Expense,-414654.63
102306,12-Nov-2024,Hostel Laundry,Bills,283.41,Cash,New Delhi,Expense,-414938.04
102307,12-Nov-2024,Airtel,Bills,852.8,Net Banking,Mumbai,Expense,-415790.84
102308,13/11/2024,Chaayos,Food & Dining,207.52,Cash,Mumbai,Expense,-415998.36
102309,2024-11-13,Zomato,food & dining,327.58,Debit Card,Noida,Expense,-416325.94
102310,13/11/2024,Blinkit,Groceries,869.94,UPI,Gurugram,Expense,-417195.88
102311,2024-11-13,IRCTC,Travel,4581.49,Credit Card,New Delhi,Expense,-421777.37
102312,13-Nov-2024,Reliance Fresh,Groceries,184.31,Debit Card,Gurugram,Expense,-421961.68
102313,2024-11-13,BigBasket,Groceries,277.51,Cash,New Delhi,Expense,-422239.19
102314,2024-11-13,BookMyShow,Entertainment,789.07,Debit Card,Noida,Expense,-423028.26
102315,13-Nov-2024,Blinkit,Groceries,318.82,Cash,Gurugram,Expense,-423347.08
102316,14-Nov-2024,Blinkit,Groceries,581.97,Cash,Noida,Expense,-423929.05
102317,14/11/2024,Swiggy,FOOD,137.03,Debit Card,Online,Expense,-424066.08
102318,14-Nov-2024,Ajio,Shopping,456.34,Net Banking,New Delhi,Expense,-424522.42
102319,14-Nov-2024,Uber,Transportation,87.45,  Cash ,Gurugram,Expense,-424609.87
102320,2024-11-14,BIGBASKET,Groceries,720.54,Credit Card,Gurugram,Expense,-425330.41
102321,14/11/2024,Stationery,Others,780.69,UPI,Hyderabad,Expense,-426111.1
102322,2024-11-15,Ajio,Shopping,2863.66,Debit Card,New Delhi,Expense,-428974.76
102323,15/11/2024,Printing Shop,Miscellaneous,506.99,Cash,Mumbai,Expense,-429481.75
102324,2024-11-15,Reliance Fresh,Groceries,662.75,Credit Card,Online,Expense,-430144.5
102325,15/11/2024,Printing Shop,Miscellaneous,298.0,Debit Card,Hyderabad,Expense,-430442.5
102326,2024-11-16,Airtel,Bills,695.6,Debit Card,Gurugram,Expense,-431138.1
102327,2024-11-16,Printing Shop,Miscellaneous,229.49,Credit Card,Gurugram,Expense,-431367.59
102328,17-Nov-2024,McDonald's,Food & Dining,114.76,Cash,New Delhi,Expense,-431482.35
102329,17/11/2024,Swiggy,Dining,244.62,Net Banking,Hyderabad,Expense,-431726.97
102330,18/11/2024,Gift Shop,Miscellaneous,165.6,UPI,Online,Expense,-431892.57
102331,18/11/2024,Campus Canteen,Food & Dining,106.98,Cash,Mumbai,Expense,-431999.55
102332,2024-11-19,Campus Project,Freelance,9296.88,Net Banking,Hyderabad,Income,-422702.67
102333,2024-11-19,Myntra Refund,Refund,1851.65,UPI,Hyderabad,Income,-420851.02
102334,2024-11-19,Blinkit,Groceries,392.24,Net Banking,New Delhi,Expense,-421243.26
102335,19/11/2024,Rapido,Transportation,198.04,Net Banking,New Delhi,Expense,-421441.3
102336,19-Nov-2024,Delhi Metro,transportation,234.86,Credit Card,Hyderabad,Expense,-421676.16
102337,19-Nov-2024,Zerodha,Investment,2484.11,Debit Card,Hyderabad,Expense,-424160.27
102338,19-Nov-2024,Domino's,Dining,347.88,Credit Card,Noida,Expense,-424508.15
102339,19-Nov-2024,Domino's,Food & Dining,317.65,Debit Card,Gurugram,Expense,-424825.8
102340,2024-11-20,Uber,Transportation,28.81,Cash,Hyderabad,Expense,-424854.61
102341,2024-11-20,Apollo Pharmacy,Health,323.89,UPI,Online,Expense,-425178.5
102342,20-Nov-2024,BigBasket,Groceries,233.37,Credit Card,Noida,Expense,-425411.87
102343,2024-11-20,DMart,Groceries,686.85,Cash,Online,Expense,-426098.72
102344,21-Nov-2024,Air India,Travel,1274.98,Cash,Online,Expense,-427373.7
102345,2024-11-21,Delhi Metro,Transportation,157.79,UPI,Noida,Expense,-427531.49
102346,2024-11-21,Amazon,Shopping,2725.97,Cash,Hyderabad,Expense,-430257.46
102347,21/11/2024,Gift Shop,Others,433.67,Cash,New Delhi,Expense,-430691.13
102348,21-Nov-2024,Zerodha,Investment,895.76,Cash,Mumbai,Expense,-431586.89
102349,2024-11-21,Ola,Transportation,108.37,UPI,Noida,Expense,-431695.26
102350,22-Nov-2024,Ola,Transportation,125.94,Credit Card,Noida,Expense,-431821.2
102351,2024-11-22,,Groceries,410.15,Credit Card,Hyderabad,Expense,-432231.35
102351,2024-11-22,,Groceries,410.15,Credit Card,Hyderabad,Expense,-432231.35
102352,2024-11-22,DMart,Groceries,211.98,Cash,New Delhi,Expense,-432443.33
102353,22-Nov-2024,Delhi Metro,Transportation,117.91,UPI,Hyderabad,Expense,-432561.24
102354,22/11/2024,Rapido,Transport,92.53,UPI,Noida,Expense,-432653.77
102355,22-Nov-2024,  Gift Shop ,  Miscellaneous ,324.85,Credit Card,  Noida ,Expense,-432978.62
102356,24/11/2024,MakeMyTrip,Travel,1306.57,Debit Card,Gurugram,Expense,-434285.19
102357,2024-11-24,BookMyShow,Entertainment,298.72,Credit Card,Online,Expense,-434583.91
102358,24/11/2024,Ola,Transportation,87.82,Credit Card,Hyderabad,Expense,-434671.73
102359,25/11/2024,Swiggy,Dining,227.63,Cash,Hyderabad,Expense,-434899.36
102360,2024-11-25,IndiGo,Travel,2957.7,Debit Card,Online,Expense,-437857.06
102361,25/11/2024,LeetCode,Education,2412.53,Net Banking,Hyderabad,Expense,-440269.59
102362,2024-11-25,Chaayos,Food & Dining,308.71,Net Banking,New Delhi,Expense,-440578.3
102363,26/11/2024,McDonald's,Food & Dining,135.93,Credit Card,Gurugram,Expense,-440714.23
102364,26/11/2024,Amazon,Shopping,576.47,Debit Card,Online,Expense,-441290.7
102365,2024-11-27,Hostel Laundry,Bills,1110.65,UPI,New Delhi,Expense,-442401.35
102366,2024-11-28,PVR Cinemas,Entertainment,598.42,UPI,Noida,Expense,-442999.77
102367,28/11/2024,NAN,Shopping,1751.68,UPI,Hyderabad,Expense,-444751.45
102367,28-Nov-2024,,Shopping,1751.68,UPI,Hyderabad,Expense,-444751.45
102368,01-Dec-2024,IIT Delhi,Salary/Stipend,15499.38,Net Banking,New Delhi,Income,-429252.07
102369,01/12/2024,Campus Canteen,Food & Dining,322.23,UPI,Gurugram,Expense,-429574.3
102370,01/12/2024,BSES,utilities,601.88,Cash,Hyderabad,Expense,-430176.18
102371,01/12/2024,Flipkart,Shopping,649.06,Net Banking,Noida,Expense,-430825.24
102372,01-Dec-2024,McDonald's,Food & Dining,86.97,UPI,Mumbai,Expense,-430912.21
102373,2024-12-01,BigBasket,Groceries,268.63,Credit Card,New Delhi,Expense,-431180.84
102374,2024-12-02,,Family Support,36684.7,,Hyderabad,Income,-394496.14
102374,02-Dec-2024,,Family Support,36684.7,,Hyderabad,Income,-394496.14
102375,2024-12-02,BookMyShow,entertainment,354.49,UPI,Gurugram,Expense,-394850.63
102376,02/12/2024,Printing Shop,Miscellaneous,392.05,Debit Card,Hyderabad,Expense,-395242.68
102377,02-Dec-2024,Air India,Travel,7374.11,Debit Card,Hyderabad,Expense,-402616.79
102378,02-Dec-2024,Uber,transportation,131.86,Net Banking,Gurugram,Expense,-402748.65
102379,02/12/2024,Burger King,food & dining,198.05,Debit Card,Hyderabad,Expense,-402946.7
102380,02-Dec-2024,Swiggy,Food & Dining,206.85,Net Banking,Noida,Expense,-403153.55
102381,02-Dec-2024,Gate Academy,Education,2309.87,Net Banking,Mumbai,Expense,-405463.42
102382,2024-12-04,Hostel Fee,Rent,5215.46,UPI,New Delhi,Expense,-410678.88
102383,2024-12-04,DMart,Groceries,792.3,Credit Card,Noida,Expense,-411471.18
102384,04-Dec-2024,  Rapido ,  Transport ,232.43,Credit Card,  Mumbai ,Expense,-411703.61
102385,04-Dec-2024,Burger King,Food & Dining,230.74,Credit Card,Hyderabad,Expense,-411934.35
102386,04/12/2024,Rapido,Transportation,78.72,UPI,New Delhi,Expense,-412013.07
102387,04/12/2024,Zerodha,Investment,2171.08,Cash,Mumbai,Expense,-414184.15
102388,2024-12-04,Ola,Transportation,223.99,Credit Card,Gurugram,Expense,-414408.14
102389,05/12/2024,Domino's,Food & Dining,135.74,Net Banking,Mumbai,Expense,-414543.88
102390,05-Dec-2024,Amazon,shopping,1801.53,Debit Card,Gurugram,Expense,-416345.41
102391,2024-12-05,Airtel,Bills,1125.95,Cash,Online,Expense,-417471.36
102392,05/12/2024,Campus Canteen,Food & Dining,332.8,Credit Card,Gurugram,Expense,-417804.16
102393,2024-12-05,BigBasket,Groceries,827.16,Net Banking,Gurugram,Expense,-418631.32
102394,05-Dec-2024,Flipkart,shopping,1535.29,Net Banking,Noida,Expense,-420166.61
102395,2024-12-06,Netflix,Entertainment,244.3,UPI,Hyderabad,Expense,-420410.91
102396,06-Dec-2024,Coursera,Education,540.66,Cash,Noida,Expense,-420951.57
102397,2024-12-07,Swiggy,Food & Dining,102.51,Net Banking,Hyderabad,Expense,-421054.08
102398,07-Dec-2024,Udemy,Education,1280.85,Debit Card,Online,Expense,-422334.93
102399,2024-12-07,Campus Canteen,FOOD,177.8,Debit Card,Gurugram,Expense,-422512.73
102400,07/12/2024,Blinkit,Groceries,449.38,Net Banking,New Delhi,Expense,-422962.11
102401,07/12/2024,Spotify,entertainment,321.82,UPI,Hyderabad,Expense,-423283.93
102402,08/12/2024,Rapido,Transportation,67.78,Cash,New Delhi,Expense,-423351.71
102403,09/12/2024,Reliance Fresh,Groceries,335.98,Credit Card,Noida,Expense,-423687.69
102404,09/12/2024,BookMyShow,Entertainment,288.57,Debit Card,Gurugram,Expense,-423976.26
102405,09-Dec-2024,Chaayos,Food & Dining,195.33,Credit Card,Hyderabad,Expense,-424171.59
102406,09/12/2024,Ola,Transport,117.59,Credit Card,Gurugram,Expense,-424289.18
102407,09/12/2024,Jio,Utility Bills,668.59,Debit Card,Online,Expense,-424957.77
102408,10-Dec-2024,Rapido,Transportation,149.09,UPI,Noida,Expense,-425106.86
102409,11-Dec-2024,DMart,Groceries,736.06,Credit Card,Online,Expense,-425842.92
102410,11/12/2024,Rapido,Transportation,165.16,Net Banking,Gurugram,Expense,-426008.08
102411,11/12/2024,Groww,Investment,-1318.65,Credit Card,Noida,Expense,-427326.73
102412,11/12/2024,Campus Canteen,Food & Dining,258.03,Cash,Mumbai,Expense,-427584.76
102413,12-Dec-2024,BookMyShow,Entertainment,555.0,Cash,Hyderabad,Expense,-428139.76
102414,12/12/2024,Chaayos,Dining,170.1,Debit Card,Online,Expense,-428309.86
102415,12/12/2024,Stationery,Miscellaneous,271.1,Debit Card,Online,Expense,-428580.96
102416,12-Dec-2024,Ajio,Shopping,1737.14,Credit Card,Online,Expense,-430318.1
102417,14-Dec-2024,NPS,Investment,2591.34,Debit Card,Noida,Expense,-432909.44
102418,15-Dec-2024,Flipkart,SHOPPING,-500.93,Net Banking,Mumbai,Expense,-433410.37
102419,15-Dec-2024,Flipkart,Shopping,447.39,UPI,Mumbai,Expense,-433857.76
102420,15-Dec-2024,Ola,transportation,83.68,Debit Card,New Delhi,Expense,-433941.44
102421,15-Dec-2024,Burger King,Food & Dining,235.31,Cash,,Expense,-434176.75
102422,15-Dec-2024,Printing Shop,Miscellaneous,294.96,Credit Card,Hyderabad,Expense,-434471.71
102423,15-Dec-2024,SWIGGY,Food,316.96,Cash,New Delhi,Expense,-434788.67
102424,16-Dec-2024,Campus Canteen,Food & Dining,136.6,Net Banking,Gurugram,Expense,-434925.27
102425,2024-12-16,Rapido,Transportation,35.25,Cash,Hyderabad,Expense,-434960.52
102426,17/12/2024,,Groceries,389.41,Cash,Noida,Expense,-435349.93
102427,17/12/2024,PVR Cinemas,entertainment,249.25,Debit Card,Hyderabad,Expense,-435599.18
102428,2024-12-17,Hostel Laundry,Bills,272.85,Net Banking,Online,Expense,-435872.03
102429,18-Dec-2024,DMart,Groceries,353.61,UPI,Online,Expense,-436225.64
102430,18/12/2024,Spotify,Entertainment,327.98,Credit Card,Hyderabad,Expense,-436553.62
102431,18/12/2024,Airtel,utilities,731.5,Cash,Noida,Expense,-437285.12
102432,19-Dec-2024,Air India,Travel,11243.53,Net Banking,Gurugram,Expense,-448528.65
102433,19-Dec-2024,Swiggy,Food,211.55,Net Banking,Online,Expense,-448740.2
102434,19-Dec-2024,Campus Canteen,Food & Dining,127.28,Net Banking,New Delhi,Expense,-448867.48
102435,20-Dec-2024,Reliance Fresh,Groceries,663.56,Net Banking,Mumbai,Expense,-449531.04
102436,2024-12-20,Rapido,Transportation,87.58,UPI,New Delhi,Expense,-449618.62
102437,21/12/2024,Ola,Transportation,233.0,Net Banking,Online,Expense,-449851.62
102438,21-Dec-2024,Chaayos,Food & Dining,190.37,Credit Card,Online,Expense,-450041.99
102439,21/12/2024,DMart,Groceries,581.11,UPI,Hyderabad,Expense,-450623.1
102440,21/12/2024,Hostel Fee,Rent,4626.68,Cash,New Delhi,Expense,-455249.78
102441,21/12/2024,Zerodha,Investment,1186.79,UPI,Noida,Expense,-456436.57
102442,22-Dec-2024,Domino's,Food & Dining,285.32,UPI,Online,Expense,-456721.89
102443,22-Dec-2024,Delhi Metro,transportation,145.71,Net Banking,Hyderabad,Expense,-456867.6
102444,2024-12-22,Amazon,SHOPPING,570.84,UPI,Mumbai,Expense,-457438.44
102445,23/12/2024,Spotify,Entertainment,113.64,Credit Card,Mumbai,Expense,-457552.08
102446,23/12/2024,Rapido,Transportation,240.74,Credit Card,Gurugram,Expense,-457792.82
102447,2024-12-23,Practo,Health,1618.51,Credit Card,Noida,Expense,-459411.33
102448,24-Dec-2024,Uber,Transportation,190.92,Credit Card,Hyderabad,Expense,-459602.25
102449,2024-12-24,Rapido,Transportation,130.33,UPI,Mumbai,Expense,-459732.58
102450,24/12/2024,  MCDONALD'S ,  Food & Dining ,343.84,Credit Card,  Noida ,Expense,-460076.42
102451,24/12/2024,Reliance Fresh,Groceries,707.96,Cash,New Delhi,Expense,-460784.38
102452,2024-12-24,Uber,Commute,53.4,Cash,Mumbai,Expense,-460837.78
102453,25/12/2024,McDonald's,Food & Dining,122.22,Credit Card,Noida,Expense,-460960.0
102454,25-Dec-2024,Rapido,Transportation,149.56,UPI,Online,Expense,-461109.56
102455,25-Dec-2024,Jio,Bills,1029.17,Net Banking,Gurugram,Expense,-462138.73
102456,26/12/2024,DMart,Groceries,792.69,Debit Card,Online,Expense,-462931.42
102457,27/12/2024,Practo,Health,1640.71,Net Banking,Noida,Expense,-464572.13
102458,27/12/2024,Ola,Transport,178.0,Credit Card,New Delhi,Expense,-464750.13
102459,27-Dec-2024,Delhi Metro,Transportation,163.82,Net Banking,Gurugram,Expense,-464913.95
102460,28/12/2024,NPS,Investment,1249.09,Credit Card,Gurugram,Expense,-466163.04
102461,28-Dec-2024,Uber,Transportation,116.6,Debit Card,Gurugram,Expense,-466279.64
